Row ID,Order ID,Order Date,Customer ID,Sales
1,CA-2016-152156,11/8/2019,CG-12520,261.96
2,CA-2016-152156,11/8/2019,CG-12520,731.94
3,CA-2016-138688,6/12/2019,DV-13045,14.62
4,US-2015-108966,10/11/2018,SO-20335,957.58
5,US-2015-108966,10/11/2018,SO-20335,22.37
6,CA-2014-115812,6/9/2017,BH-11710,48.86
7,CA-2014-115812,6/9/2017,BH-11710,7.28
8,CA-2014-115812,6/9/2017,BH-11710,907.15
9,CA-2014-115812,6/9/2017,BH-11710,18.50
10,CA-2014-115812,6/9/2017,BH-11710,114.90
11,CA-2014-115812,6/9/2017,BH-11710,1706.18
12,CA-2014-115812,6/9/2017,BH-11710,911.42
13,CA-2017-114412,4/15/2020,AA-10480,15.55
14,CA-2016-161389,12/5/2019,IM-15070,407.98
15,US-2015-118983,11/22/2018,HP-14815,68.81
16,US-2015-118983,11/22/2018,HP-14815,2.54
17,CA-2014-105893,11/11/2017,PK-19075,665.88
18,CA-2014-167164,5/13/2017,AG-10270,55.50
19,CA-2014-143336,8/27/2017,ZD-21925,8.56
20,CA-2014-143336,8/27/2017,ZD-21925,213.48
21,CA-2014-143336,8/27/2017,ZD-21925,22.72
22,CA-2016-137330,12/9/2019,KB-16585,19.46
23,CA-2016-137330,12/9/2019,KB-16585,60.34
24,US-2017-156909,7/16/2020,SF-20065,71.37
25,CA-2015-106320,9/25/2018,EB-13870,1044.63
26,CA-2016-121755,1/16/2019,EH-13945,11.65
27,CA-2016-121755,1/16/2019,EH-13945,90.57
28,US-2015-150630,9/17/2018,TB-21520,3083.43
29,US-2015-150630,9/17/2018,TB-21520,9.62
30,US-2015-150630,9/17/2018,TB-21520,124.20
31,US-2015-150630,9/17/2018,TB-21520,3.26
32,US-2015-150630,9/17/2018,TB-21520,86.30
33,US-2015-150630,9/17/2018,TB-21520,6.86
34,US-2015-150630,9/17/2018,TB-21520,15.76
36,CA-2016-117590,12/8/2019,GH-14485,1097.54
37,CA-2016-117590,12/8/2019,GH-14485,190.92
38,CA-2015-117415,12/27/2018,SN-20710,113.33
39,CA-2015-117415,12/27/2018,SN-20710,532.40
40,CA-2015-117415,12/27/2018,SN-20710,212.06
41,CA-2015-117415,12/27/2018,SN-20710,371.17
43,CA-2016-101343,7/17/2019,RA-19885,77.88
45,CA-2016-118255,3/11/2019,ON-18715,45.98
46,CA-2016-118255,3/11/2019,ON-18715,17.46
47,CA-2014-146703,10/20/2017,PO-18865,211.96
48,CA-2016-169194,6/20/2019,LH-16900,45.00
49,CA-2016-169194,6/20/2019,LH-16900,21.80
50,CA-2015-115742,4/18/2018,DP-13000,38.22
51,CA-2015-115742,4/18/2018,DP-13000,75.18
52,CA-2015-115742,4/18/2018,DP-13000,6.16
53,CA-2015-115742,4/18/2018,DP-13000,89.99
54,CA-2016-105816,12/11/2019,JM-15265,15.26
55,CA-2016-105816,12/11/2019,JM-15265,1029.95
56,CA-2016-111682,6/17/2019,TB-21055,208.56
57,CA-2016-111682,6/17/2019,TB-21055,32.40
58,CA-2016-111682,6/17/2019,TB-21055,319.41
59,CA-2016-111682,6/17/2019,TB-21055,14.56
60,CA-2016-111682,6/17/2019,TB-21055,30.00
61,CA-2016-111682,6/17/2019,TB-21055,48.48
62,CA-2016-111682,6/17/2019,TB-21055,1.68
63,CA-2015-135545,11/24/2018,KM-16720,13.98
64,CA-2015-135545,11/24/2018,KM-16720,25.82
65,CA-2015-135545,11/24/2018,KM-16720,146.73
66,CA-2015-135545,11/24/2018,KM-16720,79.76
67,US-2015-164175,4/30/2018,PS-18970,213.11
68,CA-2014-106376,12/5/2017,BS-11590,1113.02
69,CA-2014-106376,12/5/2017,BS-11590,167.97
70,CA-2016-119823,6/4/2019,KD-16270,75.88
71,CA-2016-106075,9/18/2019,HM-14980,4.62
73,US-2015-134026,4/26/2018,JE-15745,831.94
74,US-2015-134026,4/26/2018,JE-15745,97.04
75,US-2015-134026,4/26/2018,JE-15745,72.78
79,US-2014-147606,11/26/2017,JE-15745,19.30
80,CA-2016-127208,6/12/2019,SC-20770,208.16
81,CA-2016-127208,6/12/2019,SC-20770,16.74
82,CA-2014-139451,10/12/2017,DN-13690,14.90
83,CA-2014-139451,10/12/2017,DN-13690,21.39
84,CA-2015-149734,9/3/2018,JC-16105,200.98
86,CA-2017-140088,5/28/2020,PO-18865,301.96
89,CA-2016-159695,4/5/2019,GM-14455,158.37
90,CA-2016-109806,9/17/2019,JS-15685,20.10
91,CA-2016-109806,9/17/2019,JS-15685,73.58
92,CA-2016-109806,9/17/2019,JS-15685,6.48
93,CA-2015-149587,1/31/2018,KB-16315,12.96
94,CA-2015-149587,1/31/2018,KB-16315,53.34
95,CA-2015-149587,1/31/2018,KB-16315,32.96
98,CA-2017-157833,6/17/2020,KD-16345,51.31
99,CA-2016-149223,9/6/2019,ER-13855,77.88
100,CA-2016-158568,8/29/2019,RB-19465,64.62
101,CA-2016-158568,8/29/2019,RB-19465,95.98
102,CA-2016-158568,8/29/2019,RB-19465,1.79
103,CA-2016-129903,12/1/2019,GZ-14470,23.92
104,US-2015-156867,11/13/2018,LC-16870,238.90
105,US-2015-156867,11/13/2018,LC-16870,102.36
106,US-2015-156867,11/13/2018,LC-16870,36.88
110,CA-2015-129476,10/15/2018,PA-19060,339.96
112,CA-2016-128867,11/3/2019,CL-12565,75.96
113,CA-2016-128867,11/3/2019,CL-12565,27.24
114,CA-2014-115259,8/25/2017,RC-19960,40.10
115,CA-2014-115259,8/25/2017,RC-19960,4.72
116,CA-2014-115259,8/25/2017,RC-19960,23.98
117,CA-2014-115259,8/25/2017,RC-19960,130.46
118,CA-2015-110457,3/2/2018,DK-13090,787.53
119,US-2015-136476,4/5/2018,GG-14650,157.79
120,CA-2016-103730,6/12/2019,SC-20725,47.04
121,CA-2016-103730,6/12/2019,SC-20725,30.84
122,CA-2016-103730,6/12/2019,SC-20725,226.56
123,CA-2016-103730,6/12/2019,SC-20725,115.02
124,CA-2016-103730,6/12/2019,SC-20725,68.04
125,US-2014-152030,12/26/2017,AD-10180,600.56
126,US-2014-134614,9/20/2017,PF-19165,617.70
129,US-2016-125969,11/6/2019,LS-16975,81.42
130,US-2016-125969,11/6/2019,LS-16975,238.56
131,US-2017-164147,2/2/2020,DW-13585,59.97
132,US-2017-164147,2/2/2020,DW-13585,78.30
133,US-2017-164147,2/2/2020,DW-13585,21.46
134,CA-2016-145583,10/13/2019,LC-16885,20.04
135,CA-2016-145583,10/13/2019,LC-16885,35.44
136,CA-2016-145583,10/13/2019,LC-16885,11.52
137,CA-2016-145583,10/13/2019,LC-16885,4.02
138,CA-2016-145583,10/13/2019,LC-16885,76.18
139,CA-2016-145583,10/13/2019,LC-16885,65.88
140,CA-2016-145583,10/13/2019,LC-16885,43.12
141,CA-2016-110366,9/5/2019,JD-15895,82.80
146,CA-2015-110744,9/7/2018,HA-14920,671.93
147,CA-2014-110072,10/22/2017,MG-17680,93.89
148,CA-2016-114489,12/5/2019,JE-16165,384.45
149,CA-2016-114489,12/5/2019,JE-16165,149.97
150,CA-2016-114489,12/5/2019,JE-16165,1951.84
151,CA-2016-114489,12/5/2019,JE-16165,171.55
152,CA-2016-158834,3/13/2019,TW-21025,157.92
153,CA-2016-158834,3/13/2019,TW-21025,203.18
154,CA-2015-124919,5/31/2018,SP-20650,58.38
155,CA-2015-124919,5/31/2018,SP-20650,105.52
156,CA-2015-124919,5/31/2018,SP-20650,80.88
157,CA-2015-118948,5/28/2018,NK-18490,6.63
158,CA-2014-104269,3/1/2017,DB-13060,457.57
159,CA-2016-114104,11/20/2019,NP-18670,14.62
160,CA-2016-114104,11/20/2019,NP-18670,944.93
161,CA-2016-162733,5/11/2019,TT-21070,5.98
162,CA-2015-119697,12/28/2018,EM-13960,54.38
163,CA-2016-154508,11/16/2019,RD-19900,28.40
164,CA-2016-113817,11/7/2019,MJ-17740,27.68
165,CA-2014-139892,9/8/2017,BM-11140,9.94
166,CA-2014-139892,9/8/2017,BM-11140,8159.95
167,CA-2014-139892,9/8/2017,BM-11140,275.93
168,CA-2014-139892,9/8/2017,BM-11140,1740.06
169,CA-2014-139892,9/8/2017,BM-11140,32.06
170,CA-2014-139892,9/8/2017,BM-11140,177.98
171,CA-2014-139892,9/8/2017,BM-11140,143.98
172,CA-2014-118962,8/5/2017,CS-12130,20.94
173,CA-2014-118962,8/5/2017,CS-12130,110.96
174,CA-2014-118962,8/5/2017,CS-12130,340.14
175,US-2014-100853,9/14/2017,JB-15400,52.45
176,US-2014-100853,9/14/2017,JB-15400,20.16
177,US-2017-152366,4/21/2020,SJ-20500,97.26
178,US-2015-101511,11/21/2018,JE-15745,396.80
179,US-2015-101511,11/21/2018,JE-15745,15.88
180,CA-2015-137225,12/15/2018,JK-15640,3.28
181,CA-2014-166191,12/5/2017,DK-13150,24.82
182,CA-2014-166191,12/5/2017,DK-13150,408.74
183,CA-2014-158274,11/19/2017,RM-19675,503.96
184,CA-2014-158274,11/19/2017,RM-19675,149.95
185,CA-2014-158274,11/19/2017,RM-19675,29.00
186,CA-2016-105018,11/28/2019,SK-19990,7.16
187,CA-2014-123260,8/26/2017,FM-14290,176.80
188,CA-2016-157000,7/16/2019,AM-10360,37.22
189,CA-2016-157000,7/16/2019,AM-10360,20.02
190,CA-2015-102281,10/12/2018,MP-17470,899.14
191,CA-2015-102281,10/12/2018,MP-17470,71.76
192,CA-2015-102281,10/12/2018,MP-17470,51.84
193,CA-2015-102281,10/12/2018,MP-17470,626.35
194,CA-2015-102281,10/12/2018,MP-17470,19.90
195,CA-2015-131457,10/31/2018,MZ-17515,14.28
196,CA-2014-140004,3/21/2017,CB-12025,7.41
197,CA-2014-140004,3/21/2017,CB-12025,6.05
199,US-2017-124303,7/6/2020,FH-14365,2.95
200,US-2017-124303,7/6/2020,FH-14365,16.06
201,CA-2017-105074,6/24/2020,MB-17305,21.74
202,CA-2014-133690,8/3/2017,BS-11755,218.75
203,CA-2014-133690,8/3/2017,BS-11755,2.60
205,CA-2017-126382,6/3/2020,HK-14890,35.17
212,CA-2015-101007,2/9/2018,MS-17980,20.80
213,CA-2015-146262,1/2/2018,VW-21775,23.68
214,CA-2015-146262,1/2/2018,VW-21775,452.45
215,CA-2015-146262,1/2/2018,VW-21775,62.98
216,CA-2015-146262,1/2/2018,VW-21775,1188.00
217,CA-2015-146262,1/2/2018,VW-21775,89.58
218,CA-2016-130162,10/28/2019,JH-15910,93.06
219,CA-2016-130162,10/28/2019,JH-15910,302.38
220,CA-2015-169397,12/24/2018,JB-15925,5.58
221,CA-2015-169397,12/24/2018,JB-15925,22.70
222,CA-2015-169397,12/24/2018,JB-15925,19.78
223,CA-2015-169397,12/24/2018,JB-15925,72.70
224,CA-2015-169397,12/24/2018,JB-15925,479.99
225,CA-2015-169397,12/24/2018,JB-15925,27.17
226,CA-2015-163055,8/9/2018,DS-13180,2.20
227,CA-2015-163055,8/9/2018,DS-13180,622.45
228,CA-2015-163055,8/9/2018,DS-13180,21.98
229,US-2015-145436,2/28/2018,VD-21670,161.57
230,US-2015-145436,2/28/2018,VD-21670,389.70
231,US-2014-156216,9/13/2017,EA-14035,18.65
232,US-2017-100930,4/7/2020,CS-12400,233.86
233,US-2017-100930,4/7/2020,CS-12400,620.61
234,US-2017-100930,4/7/2020,CS-12400,5.33
235,US-2017-100930,4/7/2020,CS-12400,258.07
236,US-2017-100930,4/7/2020,CS-12400,617.98
238,CA-2016-157749,6/4/2019,KL-16645,25.92
239,CA-2016-157749,6/4/2019,KL-16645,419.68
240,CA-2016-157749,6/4/2019,KL-16645,11.69
241,CA-2016-157749,6/4/2019,KL-16645,31.98
242,CA-2016-157749,6/4/2019,KL-16645,177.23
243,CA-2016-157749,6/4/2019,KL-16645,4.04
244,CA-2016-157749,6/4/2019,KL-16645,7.41
245,CA-2014-131926,6/1/2017,DW-13480,2001.86
246,CA-2014-131926,6/1/2017,DW-13480,166.72
247,CA-2014-131926,6/1/2017,DW-13480,47.88
248,CA-2014-131926,6/1/2017,DW-13480,1503.25
249,CA-2014-131926,6/1/2017,DW-13480,25.92
250,CA-2016-154739,12/10/2019,LH-17155,321.57
251,CA-2016-145625,9/11/2019,KC-16540,7.61
252,CA-2016-145625,9/11/2019,KC-16540,3347.37
253,CA-2016-146941,12/10/2019,DL-13315,80.58
254,CA-2016-146941,12/10/2019,DL-13315,361.92
255,US-2015-159982,11/28/2018,DR-12880,12.13
256,US-2015-159982,11/28/2018,DR-12880,82.37
257,US-2015-159982,11/28/2018,DR-12880,53.92
258,US-2015-159982,11/28/2018,DR-12880,647.90
262,US-2017-155299,6/8/2020,Dl-13600,1.62
263,US-2014-106992,9/19/2017,SB-20290,3059.98
264,US-2014-106992,9/19/2017,SB-20290,2519.96
265,CA-2016-125318,6/6/2019,RC-19825,328.22
266,CA-2015-155040,11/10/2018,AH-10210,79.90
267,CA-2017-136826,6/16/2020,CB-12535,14.02
268,CA-2016-111010,1/22/2019,PG-18895,7.56
272,CA-2015-155334,7/30/2018,HA-14920,209.93
273,CA-2015-155334,7/30/2018,HA-14920,5.28
274,CA-2015-155334,7/30/2018,HA-14920,10.92
281,US-2015-161991,9/26/2018,SC-20725,2.08
282,US-2015-161991,9/26/2018,SC-20725,1114.40
283,CA-2015-130890,11/2/2018,JO-15280,1038.84
284,CA-2015-130883,9/26/2018,TB-21520,141.76
285,CA-2015-130883,9/26/2018,TB-21520,239.80
286,CA-2015-130883,9/26/2018,TB-21520,31.10
287,CA-2016-112697,12/18/2019,AH-10195,254.06
288,CA-2016-112697,12/18/2019,AH-10195,194.53
289,CA-2016-112697,12/18/2019,AH-10195,961.48
290,CA-2016-110772,11/20/2019,NZ-18565,19.10
291,CA-2016-110772,11/20/2019,NZ-18565,18.50
292,CA-2016-110772,11/20/2019,NZ-18565,255.98
293,CA-2016-110772,11/20/2019,NZ-18565,86.97
294,CA-2014-111451,12/26/2017,KL-16555,300.42
295,CA-2014-111451,12/26/2017,KL-16555,230.35
296,CA-2014-111451,12/26/2017,KL-16555,218.35
297,CA-2014-111451,12/26/2017,KL-16555,78.60
298,CA-2014-111451,12/26/2017,KL-16555,27.55
299,CA-2016-142545,10/28/2019,JD-15895,32.40
300,CA-2016-142545,10/28/2019,JD-15895,1082.48
301,CA-2016-142545,10/28/2019,JD-15895,56.91
302,CA-2016-142545,10/28/2019,JD-15895,77.60
303,CA-2016-142545,10/28/2019,JD-15895,14.28
305,CA-2015-144253,5/4/2018,AS-10225,26.80
306,CA-2014-130960,12/30/2017,KB-16600,9.84
307,CA-2014-111003,6/1/2017,CR-12625,45.48
308,CA-2014-111003,6/1/2017,CR-12625,289.20
309,CA-2017-126774,4/15/2020,SH-20395,4.89
310,CA-2016-142902,9/12/2019,BP-11185,15.14
311,CA-2016-142902,9/12/2019,BP-11185,466.77
312,CA-2016-142902,9/12/2019,BP-11185,15.23
313,CA-2016-142902,9/12/2019,BP-11185,6.26
314,CA-2014-120887,9/27/2017,TS-21205,87.54
315,CA-2014-167850,8/9/2017,AG-10525,178.38
316,CA-2014-167850,8/9/2017,AG-10525,15.55
317,CA-2014-164259,12/28/2017,SP-20860,99.14
318,CA-2014-164973,11/4/2017,NM-18445,135.88
319,CA-2014-164973,11/4/2017,NM-18445,3991.98
320,CA-2014-164973,11/4/2017,NM-18445,275.94
321,CA-2014-164973,11/4/2017,NM-18445,360.00
322,CA-2014-164973,11/4/2017,NM-18445,43.57
323,CA-2014-156601,9/19/2017,FA-14230,7.16
324,CA-2016-162138,4/23/2019,GK-14620,251.52
325,CA-2016-162138,4/23/2019,GK-14620,99.99
327,US-2016-141544,8/30/2019,PO-18850,290.90
328,US-2016-141544,8/30/2019,PO-18850,54.22
329,US-2016-141544,8/30/2019,PO-18850,786.74
330,US-2016-141544,8/30/2019,PO-18850,100.24
331,US-2016-141544,8/30/2019,PO-18850,37.76
332,US-2016-150147,4/25/2019,JL-15850,82.80
333,US-2016-150147,4/25/2019,JL-15850,20.72
334,US-2016-150147,4/25/2019,JL-15850,4.90
335,CA-2015-137946,9/1/2018,DB-13615,4.75
336,CA-2015-137946,9/1/2018,DB-13615,959.98
337,CA-2015-137946,9/1/2018,DB-13615,14.37
338,CA-2014-129924,7/12/2017,AC-10420,7.71
339,CA-2014-129924,7/12/2017,AC-10420,698.35
340,CA-2015-128167,6/22/2018,KL-16645,4.96
341,CA-2014-122336,4/13/2017,JD-15895,17.86
342,CA-2014-122336,4/13/2017,JD-15895,509.97
343,CA-2014-122336,4/13/2017,JD-15895,30.99
344,CA-2014-122336,4/13/2017,JD-15895,71.93
345,US-2015-120712,12/20/2018,CS-12130,88.80
346,CA-2017-169901,6/15/2020,CC-12550,47.98
347,CA-2017-134306,7/8/2020,TD-20995,7.56
348,CA-2017-134306,7/8/2020,TD-20995,24.56
349,CA-2017-134306,7/8/2020,TD-20995,12.96
350,CA-2016-129714,9/1/2019,AB-10060,6.79
351,CA-2016-129714,9/1/2019,AB-10060,24.56
352,CA-2016-129714,9/1/2019,AB-10060,3.05
353,CA-2016-129714,9/1/2019,AB-10060,49.12
354,CA-2016-129714,9/1/2019,AB-10060,4355.17
355,CA-2016-138520,4/8/2019,JL-15505,388.70
356,CA-2016-138520,4/8/2019,JL-15505,8.26
357,CA-2016-138520,4/8/2019,JL-15505,17.04
358,CA-2016-138520,4/8/2019,JL-15505,34.40
359,CA-2016-130001,4/23/2019,HK-14890,36.24
360,CA-2017-155698,3/8/2020,VB-21745,647.84
361,CA-2017-155698,3/8/2020,VB-21745,20.70
366,CA-2014-123344,9/24/2017,JD-16060,211.96
367,CA-2016-155516,10/21/2019,MK-17905,23.20
368,CA-2016-155516,10/21/2019,MK-17905,7.36
369,CA-2016-155516,10/21/2019,MK-17905,104.79
370,CA-2016-155516,10/21/2019,MK-17905,1043.92
371,CA-2017-104745,5/29/2020,GT-14755,25.92
372,CA-2017-104745,5/29/2020,GT-14755,53.42
373,US-2014-119137,7/23/2017,AG-10900,8.16
374,US-2014-119137,7/23/2017,AG-10900,1023.94
375,US-2014-119137,7/23/2017,AG-10900,9.24
376,US-2014-119137,7/23/2017,AG-10900,479.04
377,US-2016-134656,9/28/2019,MM-18280,99.14
379,CA-2015-130792,4/28/2018,RA-19915,8.65
380,CA-2015-130792,4/28/2018,RA-19915,23.83
381,CA-2015-130792,4/28/2018,RA-19915,12.18
382,CA-2016-134775,10/28/2019,AS-10285,50.96
383,CA-2016-134775,10/28/2019,AS-10285,49.54
384,CA-2015-125395,6/26/2018,LA-16780,41.90
385,US-2015-168935,11/27/2018,DO-13435,375.46
386,US-2015-168935,11/27/2018,DO-13435,83.98
387,CA-2015-122756,12/3/2018,DK-13225,482.34
388,CA-2015-122756,12/3/2018,DK-13225,2.96
389,CA-2014-115973,11/24/2017,NG-18430,2.62
392,US-2014-135972,9/21/2017,JG-15115,246.38
393,US-2014-135972,9/21/2017,JG-15115,1799.97
394,US-2014-134971,6/7/2017,BP-11095,12.46
395,CA-2017-102946,6/30/2020,VP-21730,75.79
398,CA-2015-122259,10/31/2018,HP-14815,70.12
399,CA-2016-108987,9/8/2019,AG-10675,35.95
400,CA-2016-108987,9/8/2019,AG-10675,2396.27
401,CA-2016-108987,9/8/2019,AG-10675,131.14
402,CA-2016-108987,9/8/2019,AG-10675,57.58
403,CA-2014-113166,12/24/2017,LF-17185,9.57
404,CA-2014-155208,4/16/2017,SP-20650,39.07
417,CA-2017-122105,6/24/2020,CJ-12010,95.92
418,CA-2016-148796,4/14/2019,PB-19150,383.80
420,CA-2017-110478,3/4/2020,SP-20860,9.32
421,CA-2017-110478,3/4/2020,SP-20860,15.25
422,CA-2014-142048,6/22/2017,JE-15745,196.75
428,CA-2014-101476,9/12/2017,SD-20485,69.99
430,US-2016-123750,4/15/2019,RB-19795,189.59
431,US-2016-123750,4/15/2019,RB-19795,408.74
432,US-2016-123750,4/15/2019,RB-19795,291.96
433,US-2016-123750,4/15/2019,RB-19795,4.77
434,CA-2016-127369,6/6/2019,DB-13060,714.30
435,US-2014-150574,12/19/2017,MK-18160,4.81
436,US-2014-150574,12/19/2017,MK-18160,247.80
437,CA-2016-147375,6/12/2019,PO-19180,1007.98
438,CA-2016-147375,6/12/2019,PO-19180,313.49
440,CA-2017-157252,1/20/2020,CV-12805,207.85
441,CA-2016-115756,9/5/2019,PK-19075,12.22
442,CA-2016-115756,9/5/2019,PK-19075,194.94
443,CA-2016-115756,9/5/2019,PK-19075,70.95
444,CA-2016-115756,9/5/2019,PK-19075,91.36
445,CA-2016-115756,9/5/2019,PK-19075,242.94
446,CA-2016-115756,9/5/2019,PK-19075,22.05
447,CA-2017-154214,3/20/2020,TB-21595,2.91
448,CA-2016-166674,4/1/2019,RB-19360,59.52
449,CA-2016-166674,4/1/2019,RB-19360,161.94
450,CA-2016-166674,4/1/2019,RB-19360,263.88
451,CA-2016-166674,4/1/2019,RB-19360,30.48
452,CA-2016-166674,4/1/2019,RB-19360,9.84
453,CA-2016-166674,4/1/2019,RB-19360,35.12
456,CA-2016-100153,12/13/2019,KH-16630,63.88
457,US-2014-110674,2/12/2017,SC-20095,129.57
458,US-2016-157945,9/26/2019,NF-18385,747.56
459,US-2016-157945,9/26/2019,NF-18385,8.93
460,CA-2015-109638,12/15/2018,JH-15985,103.92
461,CA-2015-109638,12/15/2018,JH-15985,899.91
462,CA-2015-109638,12/15/2018,JH-15985,51.31
463,CA-2016-109869,4/22/2019,TN-21040,23.56
464,CA-2016-109869,4/22/2019,TN-21040,1272.63
465,CA-2016-109869,4/22/2019,TN-21040,28.49
466,CA-2016-109869,4/22/2019,TN-21040,185.38
467,CA-2016-109869,4/22/2019,TN-21040,78.27
468,US-2015-101399,1/17/2018,JS-15940,254.74
469,CA-2017-154907,3/31/2020,DS-13180,205.33
470,US-2016-100419,12/16/2019,CC-12670,4.79
471,CA-2015-154144,12/20/2018,MH-17785,55.48
472,CA-2014-144666,11/9/2017,JP-15520,340.92
473,CA-2014-144666,11/9/2017,JP-15520,222.67
474,CA-2014-144666,11/9/2017,JP-15520,703.97
475,CA-2014-144666,11/9/2017,JP-15520,92.52
476,CA-2014-144666,11/9/2017,JP-15520,62.65
477,CA-2014-144666,11/9/2017,JP-15520,94.85
478,CA-2016-103891,7/12/2019,KH-16690,95.76
479,CA-2016-152632,10/27/2019,JE-15475,40.20
480,CA-2016-100790,6/26/2019,JG-15805,14.70
481,CA-2016-100790,6/26/2019,JG-15805,704.25
482,CA-2014-134677,10/6/2017,XP-21865,9.09
483,CA-2014-127691,7/22/2017,EM-14065,5.96
484,CA-2014-127691,7/22/2017,EM-14065,159.98
485,CA-2017-140963,6/10/2020,MT-18070,29.60
486,CA-2017-140963,6/10/2020,MT-18070,514.17
487,CA-2017-140963,6/10/2020,MT-18070,279.96
488,CA-2014-154627,10/29/2017,SA-20830,2735.95
489,CA-2014-133753,6/9/2017,CW-11905,7.99
490,CA-2014-133753,6/9/2017,CW-11905,63.98
491,CA-2014-133753,6/9/2017,CW-11905,70.37
492,CA-2014-113362,9/14/2017,AJ-10960,449.15
493,CA-2014-113362,9/14/2017,AJ-10960,11.07
494,CA-2016-169166,5/9/2019,SS-20590,93.98
495,US-2016-120929,3/18/2019,RO-19780,189.88
496,CA-2015-134782,12/27/2018,MD-17350,105.42
497,CA-2016-126158,7/25/2019,SC-20095,119.62
498,CA-2016-126158,7/25/2019,SC-20095,255.76
499,CA-2016-126158,7/25/2019,SC-20095,241.57
500,CA-2016-126158,7/25/2019,SC-20095,69.30
501,US-2016-105578,5/30/2019,MY-17380,22.62
502,US-2016-105578,5/30/2019,MY-17380,14.95
503,US-2016-105578,5/30/2019,MY-17380,801.57
504,US-2016-105578,5/30/2019,MY-17380,2.38
505,US-2016-105578,5/30/2019,MY-17380,32.79
507,CA-2015-145352,3/16/2018,CM-12385,2.74
508,CA-2015-145352,3/16/2018,CM-12385,8.34
509,CA-2015-145352,3/16/2018,CM-12385,46.74
510,CA-2015-145352,3/16/2018,CM-12385,6354.95
513,CA-2016-106341,10/20/2019,LF-17185,7.15
516,CA-2017-127432,1/22/2020,AD-10180,2999.95
517,CA-2017-127432,1/22/2020,AD-10180,51.45
518,CA-2017-127432,1/22/2020,AD-10180,11.96
519,CA-2017-127432,1/22/2020,AD-10180,1126.02
520,CA-2015-157812,3/22/2018,DB-13210,18.39
521,CA-2015-157812,3/22/2018,DB-13210,129.57
522,CA-2015-157812,3/22/2018,DB-13210,14.11
523,CA-2017-145142,1/23/2020,MC-17605,210.98
524,US-2016-139486,5/21/2019,LH-17155,55.18
525,US-2016-139486,5/21/2019,LH-17155,66.26
526,CA-2015-158792,12/26/2018,BD-11605,22.20
529,US-2015-138303,9/3/2018,MG-18145,36.34
530,US-2015-138303,9/3/2018,MG-18145,666.25
531,US-2015-138303,9/3/2018,MG-18145,52.51
532,CA-2015-102848,11/7/2018,KB-16240,190.72
534,CA-2016-168753,5/29/2019,RL-19615,979.95
535,CA-2016-168753,5/29/2019,RL-19615,22.75
536,CA-2016-126613,7/10/2019,AA-10375,16.77
538,CA-2015-147851,12/3/2018,MP-17470,10.75
539,CA-2015-134894,12/7/2018,DK-12985,152.94
540,CA-2015-134894,12/7/2018,DK-12985,283.92
541,CA-2014-140795,2/1/2017,BD-11500,468.90
542,CA-2016-136924,7/14/2019,ES-14080,380.86
543,US-2015-120161,12/18/2018,LM-17065,646.78
544,CA-2014-103849,5/11/2017,PG-18895,58.11
545,CA-2014-103849,5/11/2017,PG-18895,100.79
546,CA-2014-103849,5/11/2017,PG-18895,66.11
549,CA-2015-113173,11/15/2018,DK-13225,250.27
550,CA-2015-113173,11/15/2018,DK-13225,11.36
551,CA-2015-113173,11/15/2018,DK-13225,8.72
552,CA-2016-136406,4/15/2019,BD-11320,1121.57
555,CA-2017-100650,6/29/2020,DK-13225,1295.78
556,CA-2014-155852,3/3/2017,AJ-10945,19.46
557,CA-2016-113243,6/10/2019,OT-18730,20.70
558,CA-2016-113243,6/10/2019,OT-18730,1335.68
559,CA-2016-113243,6/10/2019,OT-18730,32.40
562,CA-2014-145576,9/14/2017,CA-12775,13.00
563,CA-2014-145576,9/14/2017,CA-12775,13.13
564,CA-2015-130736,12/7/2018,JF-15490,3.96
565,CA-2015-130736,12/7/2018,JF-15490,2.61
575,CA-2016-127250,11/3/2019,SF-20200,8.82
576,CA-2015-149713,9/18/2018,TG-21640,160.72
577,CA-2015-149713,9/18/2018,TG-21640,19.92
578,CA-2015-149713,9/18/2018,TG-21640,7.30
579,CA-2017-118640,7/20/2020,CS-11950,69.71
580,CA-2017-118640,7/20/2020,CS-11950,8.79
581,CA-2015-132906,9/10/2018,CC-12145,51.52
587,CA-2015-128139,7/3/2018,BD-11725,70.98
588,CA-2015-128139,7/3/2018,BD-11725,294.93
589,US-2016-156986,3/20/2019,ZC-21910,84.78
590,US-2016-156986,3/20/2019,ZC-21910,20.74
591,US-2016-156986,3/20/2019,ZC-21910,16.82
592,US-2016-156986,3/20/2019,ZC-21910,10.37
593,CA-2014-135405,1/9/2017,MS-17830,9.34
594,CA-2014-135405,1/9/2017,MS-17830,31.20
595,CA-2014-131450,8/8/2017,LR-16915,76.12
596,CA-2014-131450,8/8/2017,LR-16915,1199.98
597,CA-2014-131450,8/8/2017,LR-16915,445.96
598,CA-2014-131450,8/8/2017,LR-16915,327.76
599,CA-2016-120180,7/14/2019,TP-21130,11.63
600,US-2016-100720,7/16/2019,CK-12205,143.98
601,US-2016-100720,7/16/2019,CK-12205,494.38
602,US-2016-100720,7/16/2019,CK-12205,5.84
603,CA-2014-149958,3/15/2017,AS-10240,142.78
604,CA-2014-149958,3/15/2017,AS-10240,45.70
605,CA-2014-149958,3/15/2017,AS-10240,7.22
606,CA-2014-149958,3/15/2017,AS-10240,43.19
607,CA-2014-149958,3/15/2017,AS-10240,131.90
608,US-2014-105767,5/23/2017,AR-10510,3.28
609,US-2014-105767,5/23/2017,AR-10510,21.17
610,US-2014-105767,5/23/2017,AR-10510,55.19
611,CA-2016-161816,4/28/2019,NB-18655,369.58
612,CA-2016-161816,4/28/2019,NB-18655,15.71
613,CA-2016-121223,9/11/2019,GD-14590,8.45
614,CA-2016-121223,9/11/2019,GD-14590,728.95
622,US-2014-111171,12/26/2017,CA-12265,8.69
623,CA-2015-138009,11/29/2018,SF-20965,301.96
624,CA-2015-138009,11/29/2018,SF-20965,555.21
625,CA-2015-138009,11/29/2018,SF-20965,523.48
626,CA-2015-138009,11/29/2018,SF-20965,161.82
628,CA-2017-153787,5/19/2020,AT-10735,97.16
631,US-2016-135720,12/11/2019,FM-14380,243.38
632,US-2016-135720,12/11/2019,FM-14380,119.80
633,US-2016-135720,12/11/2019,FM-14380,300.77
636,CA-2015-168004,10/4/2018,DJ-13420,392.94
637,US-2016-123470,8/15/2019,ME-17725,18.88
638,US-2016-123470,8/15/2019,ME-17725,122.33
639,CA-2016-115917,5/20/2019,RB-19465,1049.20
640,CA-2016-115917,5/20/2019,RB-19465,15.42
641,CA-2016-147067,12/18/2019,JD-16150,18.84
642,CA-2017-167913,7/30/2020,JL-15835,330.40
643,CA-2017-167913,7/30/2020,JL-15835,26.25
644,CA-2017-106103,6/10/2020,SC-20305,132.52
645,US-2017-127719,7/21/2020,TW-21025,6.48
647,CA-2016-103947,4/1/2019,BB-10990,31.56
648,CA-2016-103947,4/1/2019,BB-10990,30.14
649,CA-2016-160745,12/11/2019,AR-10825,14.80
650,CA-2016-160745,12/11/2019,AR-10825,302.38
651,CA-2016-160745,12/11/2019,AR-10825,316.00
652,CA-2016-132661,10/23/2019,SR-20740,379.40
653,CA-2017-140844,6/19/2020,AR-10405,97.82
654,CA-2017-140844,6/19/2020,AR-10405,103.12
655,CA-2016-137239,8/22/2019,CR-12730,113.55
656,CA-2016-137239,8/22/2019,CR-12730,3.32
657,CA-2016-137239,8/22/2019,CR-12730,134.29
658,US-2016-156097,9/19/2019,EH-14125,701.37
659,US-2016-156097,9/19/2019,EH-14125,2.31
660,CA-2015-146563,8/24/2018,CB-12025,999.43
661,CA-2015-146563,8/24/2018,CB-12025,724.08
662,CA-2015-146563,8/24/2018,CB-12025,918.78
663,CA-2015-146563,8/24/2018,CB-12025,2.72
664,CA-2016-123666,3/26/2019,SP-20545,459.95
665,CA-2016-143308,11/4/2019,RC-19825,10.74
666,CA-2017-132682,6/8/2020,TH-21235,23.76
667,CA-2017-132682,6/8/2020,TH-21235,85.06
668,CA-2017-132682,6/8/2020,TH-21235,381.58
669,CA-2014-156314,12/24/2017,RP-19390,30.36
670,US-2017-106663,6/9/2020,MO-17800,23.98
671,US-2017-106663,6/9/2020,MO-17800,108.93
672,US-2017-106663,6/9/2020,MO-17800,36.35
673,CA-2017-111178,6/15/2020,TD-20995,19.56
677,US-2017-119438,3/18/2020,CD-11980,2.69
678,US-2017-119438,3/18/2020,CD-11980,27.82
679,US-2017-119438,3/18/2020,CD-11980,82.52
680,US-2017-119438,3/18/2020,CD-11980,182.99
681,CA-2016-164511,11/19/2019,DJ-13630,14.35
682,CA-2016-164511,11/19/2019,DJ-13630,64.96
683,CA-2016-164511,11/19/2019,DJ-13630,68.60
686,CA-2014-157784,7/5/2017,MC-17845,479.97
687,CA-2014-157784,7/5/2017,MC-17845,14.62
688,CA-2014-157784,7/5/2017,MC-17845,19.44
690,US-2014-117135,6/21/2017,NP-18325,104.01
691,US-2014-117135,6/21/2017,NP-18325,284.82
692,US-2014-117135,6/21/2017,NP-18325,36.84
693,CA-2015-131534,3/28/2018,AB-10165,166.24
694,CA-2015-131534,3/28/2018,AB-10165,33.40
695,CA-2015-119291,5/14/2018,JO-15550,198.27
696,CA-2015-119291,5/14/2018,JO-15550,47.36
697,CA-2015-119291,5/14/2018,JO-15550,200.98
698,CA-2015-119291,5/14/2018,JO-15550,97.70
699,CA-2015-119291,5/14/2018,JO-15550,2.70
700,CA-2015-119291,5/14/2018,JO-15550,18.59
701,CA-2015-119291,5/14/2018,JO-15550,4.90
703,CA-2016-163755,11/4/2019,AS-10285,209.88
704,CA-2015-142027,4/9/2018,JK-15370,369.91
705,CA-2014-138527,9/12/2017,BN-11470,10.37
706,CA-2014-138527,9/12/2017,BN-11470,166.84
707,CA-2014-138527,9/12/2017,BN-11470,15.22
708,CA-2014-112158,12/2/2017,DP-13165,119.96
709,CA-2014-112158,12/2/2017,DP-13165,883.92
710,CA-2014-112158,12/2/2017,DP-13165,46.72
711,CA-2014-113887,4/5/2017,TH-21550,55.48
713,US-2017-100048,5/19/2020,RS-19765,281.34
714,US-2017-100048,5/19/2020,RS-19765,307.98
715,US-2017-100048,5/19/2020,RS-19765,299.97
716,CA-2014-153150,7/1/2017,Dl-13600,19.92
717,CA-2014-130092,1/11/2017,SV-20365,9.94
719,CA-2014-104472,6/2/2017,CK-12325,59.81
720,CA-2014-104472,6/2/2017,CK-12325,73.32
721,CA-2016-112942,2/13/2019,RD-19810,146.82
722,CA-2016-142335,12/15/2019,MP-17965,1652.94
723,CA-2016-142335,12/15/2019,MP-17965,296.37
724,CA-2014-117429,10/7/2017,MR-17545,129.92
725,CA-2016-114713,7/7/2019,SC-20695,45.58
728,US-2016-150861,12/3/2019,EG-13900,182.72
729,US-2016-150861,12/3/2019,EG-13900,400.03
730,US-2016-150861,12/3/2019,EG-13900,33.63
731,US-2016-150861,12/3/2019,EG-13900,542.65
732,US-2016-150861,12/3/2019,EG-13900,6.30
733,CA-2017-131954,1/21/2020,DS-13030,242.94
734,CA-2017-131954,1/21/2020,DS-13030,179.97
735,CA-2017-131954,1/21/2020,DS-13030,99.70
736,CA-2017-131954,1/21/2020,DS-13030,27.94
737,CA-2017-131954,1/21/2020,DS-13030,84.98
738,CA-2017-131954,1/21/2020,DS-13030,18.72
739,CA-2014-132500,9/8/2017,GZ-14470,49.98
740,CA-2014-112326,1/4/2017,PO-19195,11.78
741,CA-2014-112326,1/4/2017,PO-19195,272.74
742,CA-2014-112326,1/4/2017,PO-19195,3.54
743,US-2016-146710,8/27/2019,SS-20875,51.52
744,US-2016-146710,8/27/2019,SS-20875,3.53
745,US-2016-146710,8/27/2019,SS-20875,4.62
746,US-2016-146710,8/27/2019,SS-20875,55.17
747,CA-2014-124429,5/27/2017,MH-17785,567.12
748,CA-2014-124429,5/27/2017,MH-17785,359.32
749,CA-2016-150889,3/20/2019,PB-19105,11.99
754,CA-2016-110499,4/7/2019,YC-21895,1199.98
755,CA-2015-135272,12/7/2018,MS-17830,79.92
756,CA-2016-140928,9/18/2019,NB-18655,383.44
757,CA-2014-106803,12/29/2017,DC-13285,24.56
758,CA-2014-106803,12/29/2017,DC-13285,119.80
759,CA-2017-117240,7/23/2020,CP-12340,13.13
761,CA-2015-112319,8/31/2018,AR-10510,58.32
763,CA-2015-114923,2/8/2018,LH-17020,107.98
764,CA-2014-162775,1/13/2017,CS-12250,11.36
765,CA-2014-162775,1/13/2017,CS-12250,50.94
766,CA-2014-162775,1/13/2017,CS-12250,646.74
767,CA-2014-162775,1/13/2017,CS-12250,5.64
768,CA-2014-162775,1/13/2017,CS-12250,572.58
769,CA-2014-106810,5/14/2017,AJ-10795,310.88
770,CA-2016-157245,5/19/2019,LE-16810,641.96
771,CA-2017-104220,1/30/2020,BV-11245,18.28
772,CA-2017-104220,1/30/2020,BV-11245,207.00
773,CA-2017-104220,1/30/2020,BV-11245,32.35
774,CA-2017-104220,1/30/2020,BV-11245,7.71
775,CA-2017-104220,1/30/2020,BV-11245,40.30
776,CA-2017-104220,1/30/2020,BV-11245,34.58
777,CA-2014-165974,6/29/2017,DL-12865,32.76
778,CA-2015-144267,8/21/2018,NZ-18565,544.01
779,CA-2015-144267,8/21/2018,NZ-18565,59.94
780,CA-2015-144267,8/21/2018,NZ-18565,23.92
781,CA-2015-144267,8/21/2018,NZ-18565,4.28
782,US-2015-157014,10/3/2018,BM-11785,32.07
783,US-2015-157014,10/3/2018,BM-11785,24.00
784,US-2015-157014,10/3/2018,BM-11785,35.49
785,US-2015-157014,10/3/2018,BM-11785,47.98
786,CA-2015-154921,5/23/2018,EA-14035,186.69
787,CA-2017-129567,3/17/2020,CL-12565,17.46
788,CA-2015-154620,12/12/2018,LT-17110,348.93
789,CA-2015-115938,6/26/2018,SA-20830,143.96
790,CA-2015-115938,6/26/2018,SA-20830,15.42
791,CA-2015-115938,6/26/2018,SA-20830,43.04
792,CA-2015-115938,6/26/2018,SA-20830,332.94
793,CA-2016-105256,5/20/2019,JK-15730,1363.96
794,CA-2014-156433,9/20/2017,ES-14020,9.96
795,CA-2014-156433,9/20/2017,ES-14020,21.72
797,CA-2015-124653,12/24/2018,DB-13120,132.79
798,CA-2015-124653,12/24/2018,DB-13120,12.96
799,CA-2015-124653,12/24/2018,DB-13120,21.56
800,CA-2015-101910,11/27/2018,CD-11920,283.92
801,CA-2017-105809,2/20/2020,HW-14935,22.23
802,CA-2017-105809,2/20/2020,HW-14935,215.97
803,CA-2016-136133,8/18/2019,HW-14935,355.32
804,CA-2016-115504,3/12/2019,MC-18130,12.96
805,CA-2017-135783,4/22/2020,GM-14440,18.28
806,CA-2014-134313,11/1/2017,RA-19915,43.18
807,CA-2014-134313,11/1/2017,RA-19915,1983.97
808,CA-2015-140921,2/3/2018,AA-10375,28.40
809,CA-2015-140921,2/3/2018,AA-10375,149.97
810,CA-2014-151995,10/13/2017,ZC-21910,11.52
811,CA-2014-151995,10/13/2017,ZC-21910,1298.55
812,CA-2014-151995,10/13/2017,ZC-21910,213.92
813,CA-2014-151995,10/13/2017,ZC-21910,25.78
814,CA-2017-143686,5/14/2020,PJ-19015,18.28
815,CA-2017-143686,5/14/2020,PJ-19015,1399.93
816,CA-2015-106565,3/20/2018,BW-11110,51.84
817,CA-2016-149370,9/15/2019,DB-13210,5.34
818,CA-2014-140858,6/28/2017,CA-12775,41.47
819,CA-2014-140858,6/28/2017,CA-12775,3.17
820,CA-2014-140858,6/28/2017,CA-12775,1228.47
821,CA-2014-140858,6/28/2017,CA-12775,31.09
822,CA-2014-140858,6/28/2017,CA-12775,335.52
823,CA-2017-101434,6/20/2020,TR-21325,239.97
824,CA-2017-101434,6/20/2020,TR-21325,9.82
825,US-2014-102071,5/9/2017,PG-18820,67.80
826,US-2014-102071,5/9/2017,PG-18820,167.97
830,CA-2017-129462,6/16/2020,JE-15745,301.96
831,CA-2017-129462,6/16/2020,JE-15745,180.66
832,CA-2017-129462,6/16/2020,JE-15745,191.98
833,CA-2017-129462,6/16/2020,JE-15745,65.99
834,CA-2016-165316,7/23/2019,JB-15400,35.22
835,CA-2016-165316,7/23/2019,JB-15400,23.70
836,CA-2016-165316,7/23/2019,JB-15400,265.48
837,US-2014-115987,9/8/2017,LH-17020,51.18
839,US-2016-137547,3/7/2019,EB-13705,21.07
840,CA-2015-100454,11/20/2018,BM-11650,60.45
841,CA-2015-100454,11/20/2018,BM-11650,11.52
842,CA-2015-100454,11/20/2018,BM-11650,186.05
843,CA-2016-161669,11/7/2019,EM-14095,37.44
844,CA-2016-161669,11/7/2019,EM-14095,26.98
845,CA-2016-161669,11/7/2019,EM-14095,11.36
846,CA-2016-161669,11/7/2019,EM-14095,14.62
847,CA-2015-114300,10/13/2018,AF-10885,83.72
848,CA-2015-114300,10/13/2018,AF-10885,287.94
849,CA-2017-107503,1/1/2020,GA-14725,48.90
850,CA-2014-107755,2/7/2017,CK-12760,115.36
851,CA-2016-152534,6/20/2019,DP-13105,5.16
852,CA-2016-152534,6/20/2019,DP-13105,38.88
853,CA-2016-113747,5/28/2019,VD-21670,185.88
854,CA-2016-123274,2/19/2019,GT-14710,44.46
855,CA-2016-123274,2/19/2019,GT-14710,242.94
856,CA-2014-125612,8/3/2017,BK-11260,39.96
857,CA-2014-125612,8/3/2017,BK-11260,102.30
858,CA-2014-125612,8/3/2017,BK-11260,21.36
859,CA-2017-161984,4/10/2020,SJ-20125,7.61
860,CA-2017-161984,4/10/2020,SJ-20125,7.16
861,CA-2014-133851,6/9/2017,CM-12445,7.36
862,CA-2014-133851,6/9/2017,CM-12445,23.10
863,CA-2016-134474,1/5/2019,AJ-10795,191.47
864,CA-2016-134474,1/5/2019,AJ-10795,5.25
865,CA-2016-134474,1/5/2019,AJ-10795,59.18
866,CA-2014-149020,1/10/2017,AJ-10780,2.89
867,CA-2014-149020,1/10/2017,AJ-10780,51.94
868,CA-2016-134362,9/29/2019,LS-16945,15.94
869,CA-2014-136742,4/6/2017,GP-14740,44.91
870,CA-2016-158099,9/3/2019,PK-18910,1141.47
871,CA-2016-158099,9/3/2019,PK-18910,280.78
872,CA-2015-131128,10/19/2018,TB-21520,34.44
873,CA-2014-148488,12/10/2017,SM-20005,11.36
874,CA-2014-148488,12/10/2017,SM-20005,106.34
876,CA-2016-116736,1/17/2019,CC-12430,322.59
877,CA-2016-116736,1/17/2019,CC-12430,29.99
878,CA-2016-116736,1/17/2019,CC-12430,371.97
879,US-2014-158638,9/17/2017,AG-10765,5.89
882,CA-2015-129098,10/9/2018,DK-13090,30.84
884,CA-2016-165148,10/22/2019,PM-19135,31.40
885,CA-2014-134061,4/29/2017,LL-16840,17.46
886,CA-2015-143602,4/25/2018,JS-15595,13.94
887,CA-2017-115364,6/26/2020,OT-18730,83.76
889,CA-2014-104976,12/9/2017,CK-12760,34.68
890,CA-2017-132934,6/20/2020,JE-15475,149.95
891,CA-2017-132934,6/20/2020,JE-15475,51.31
892,CA-2017-133256,6/26/2020,TH-21550,4.54
893,CA-2017-133256,6/26/2020,TH-21550,15.92
894,CA-2017-133256,6/26/2020,TH-21550,543.92
895,CA-2016-105494,11/10/2019,PC-18745,155.82
896,CA-2016-105494,11/10/2019,PC-18745,70.01
897,CA-2016-140634,10/3/2019,HL-15040,15.65
898,CA-2014-144407,9/9/2017,MS-17365,103.60
900,US-2016-114622,4/10/2019,JR-16210,8.90
904,CA-2016-130477,4/8/2019,LC-17140,20.04
905,CA-2016-130477,4/8/2019,LC-17140,64.96
906,CA-2016-130477,4/8/2019,LC-17140,12.96
913,CA-2015-133627,5/31/2018,SC-20050,22.20
916,US-2014-141215,6/15/2017,KL-16555,99.92
917,US-2014-141215,6/15/2017,KL-16555,797.94
918,US-2014-141215,6/15/2017,KL-16555,8.57
919,CA-2016-165218,3/5/2019,RW-19630,149.35
920,CA-2016-165218,3/5/2019,RW-19630,12.99
921,CA-2014-138296,12/5/2017,RC-19825,24.56
922,CA-2015-111164,4/11/2018,SE-20110,85.14
923,CA-2015-111164,4/11/2018,SE-20110,21.99
924,CA-2015-111164,4/11/2018,SE-20110,406.60
925,CA-2016-149797,9/15/2019,AH-10075,841.57
926,CA-2014-132962,9/13/2017,JM-15535,15.55
927,CA-2014-132962,9/13/2017,JM-15535,252.00
928,CA-2015-115091,10/5/2018,JJ-15760,46.20
929,CA-2015-115091,10/5/2018,JJ-15760,28.84
930,CA-2017-144932,4/14/2020,AB-10165,14.59
931,CA-2017-144932,4/14/2020,AB-10165,89.86
932,CA-2017-144932,4/14/2020,AB-10165,13.87
934,CA-2016-140081,6/20/2019,CG-12040,45.06
935,CA-2016-140081,6/20/2019,CG-12040,29.72
936,CA-2016-140081,6/20/2019,CG-12040,15.55
937,CA-2016-140081,6/20/2019,CG-12040,447.70
939,CA-2015-148250,12/13/2018,RP-19270,12.96
940,CA-2015-148250,12/13/2018,RP-19270,134.48
941,CA-2016-105760,6/19/2019,KC-16255,17.12
942,CA-2016-142958,12/13/2019,RW-19630,6.10
943,CA-2016-142958,12/13/2019,RW-19630,1114.27
944,CA-2015-120880,5/29/2018,JL-15850,32.40
945,CA-2015-120880,5/29/2018,JL-15850,540.57
946,CA-2015-120880,5/29/2018,JL-15850,167.76
947,US-2015-140200,7/26/2018,CA-12775,393.17
953,CA-2017-131156,4/3/2020,KH-16360,25.47
957,CA-2017-102414,5/15/2020,JA-15970,29.59
958,CA-2017-102414,5/15/2020,JA-15970,4.75
959,CA-2017-102414,5/15/2020,JA-15970,15.55
960,CA-2015-112571,9/22/2018,DL-12925,204.60
962,CA-2015-160059,11/27/2018,TB-21190,6.24
963,CA-2016-120859,9/1/2019,CV-12805,21.88
964,CA-2014-127488,9/22/2017,MS-17365,4.61
965,CA-2017-135279,4/9/2020,BS-11800,9.82
966,CA-2017-135279,4/9/2020,BS-11800,35.97
967,CA-2017-135279,4/9/2020,BS-11800,12.96
968,CA-2017-135279,4/9/2020,BS-11800,191.60
969,CA-2017-135279,4/9/2020,BS-11800,8.64
970,CA-2017-135279,4/9/2020,BS-11800,501.81
971,CA-2014-115791,1/16/2017,DL-13315,127.10
972,CA-2014-115791,1/16/2017,DL-13315,124.20
973,CA-2014-115791,1/16/2017,DL-13315,18.59
974,CA-2014-115791,1/16/2017,DL-13315,30.07
977,US-2017-100209,7/9/2020,TD-20995,1.08
978,CA-2017-159366,1/7/2020,BW-11110,3059.98
979,CA-2016-145499,5/30/2019,RW-19690,3.28
980,CA-2015-157035,12/9/2018,KB-16600,34.02
981,CA-2016-144939,10/3/2019,EB-13870,599.29
982,CA-2014-163419,11/11/2017,TZ-21580,3.39
983,CA-2014-163419,11/11/2017,TZ-21580,559.98
984,CA-2014-163419,11/11/2017,TZ-21580,603.92
988,CA-2015-146829,3/10/2018,TS-21340,1.11
989,CA-2017-167899,5/21/2020,JG-15805,520.05
990,CA-2017-167899,5/21/2020,JG-15805,17.97
991,CA-2015-153549,3/29/2018,SL-20155,1166.92
992,CA-2016-110023,9/9/2019,TS-21610,14.62
993,CA-2016-105585,8/26/2019,RF-19735,10.23
994,CA-2016-105585,8/26/2019,RF-19735,154.90
995,CA-2014-117639,5/21/2017,MW-18235,2715.93
996,CA-2014-117639,5/21/2017,MW-18235,617.97
997,CA-2015-162537,10/28/2018,RD-19585,10.67
998,CA-2015-162537,10/28/2018,RD-19585,36.63
999,CA-2015-162537,10/28/2018,RD-19585,24.10
1000,CA-2015-162537,10/28/2018,RD-19585,33.11
1001,CA-2016-155488,11/13/2019,FM-14290,44.02
1002,CA-2015-124891,7/31/2018,RH-19495,2309.65
1003,CA-2015-124891,7/31/2018,RH-19495,1090.78
1004,CA-2015-124891,7/31/2018,RH-19495,19.44
1005,CA-2015-126445,8/27/2018,RA-19945,484.65
1006,CA-2015-111199,11/13/2018,JK-15730,115.30
1007,CA-2015-105312,11/6/2018,MT-17815,7.08
1008,CA-2015-105312,11/6/2018,MT-17815,4.40
1011,CA-2014-158540,11/24/2017,VG-21790,151.72
1012,CA-2017-118437,6/17/2020,PF-19165,155.25
1013,CA-2017-118437,6/17/2020,PF-19165,14.03
1014,US-2015-126214,12/21/2018,JS-15880,1618.37
1015,US-2015-126214,12/21/2018,JS-15880,99.60
1016,CA-2015-133025,9/17/2018,MO-17800,32.40
1017,CA-2015-108665,7/6/2018,KM-16225,13.96
1018,CA-2015-108665,7/6/2018,KM-16225,155.82
1019,CA-2015-108665,7/6/2018,KM-16225,124.95
1020,CA-2015-108665,7/6/2018,KM-16225,601.65
1021,CA-2015-124450,4/27/2018,GT-14710,22.74
1022,CA-2015-124450,4/27/2018,GT-14710,1267.53
1023,CA-2015-124450,4/27/2018,GT-14710,1379.92
1024,CA-2015-167269,6/16/2018,PB-19150,6.21
1026,CA-2016-126529,1/11/2019,DE-13255,15.55
1027,CA-2016-126529,1/11/2019,DE-13255,63.31
1028,CA-2016-126529,1/11/2019,DE-13255,15.59
1029,CA-2014-163552,7/11/2017,LA-16780,177.20
1030,CA-2014-163552,7/11/2017,LA-16780,197.97
1031,CA-2014-163552,7/11/2017,LA-16780,854.94
1032,CA-2014-163552,7/11/2017,LA-16780,124.11
1033,CA-2014-163552,7/11/2017,LA-16780,14.40
1034,CA-2016-109820,11/20/2019,AG-10390,15.70
1035,CA-2016-109820,11/20/2019,AG-10390,2.63
1036,CA-2016-109820,11/20/2019,AG-10390,14.43
1037,CA-2016-113061,4/22/2019,EL-13735,86.62
1038,CA-2015-127418,6/13/2018,JJ-15445,36.62
1041,CA-2016-127670,3/20/2019,RD-19660,697.16
1042,CA-2016-102981,9/6/2019,MO-17500,31.86
1043,CA-2016-102981,9/6/2019,MO-17500,722.35
1044,CA-2017-115651,7/9/2020,NS-18640,8.84
1045,CA-2017-115651,7/9/2020,NS-18640,58.46
1047,CA-2016-169103,3/8/2019,ZC-21910,1363.96
1048,CA-2016-169103,3/8/2019,ZC-21910,102.36
1049,CA-2014-139192,5/27/2017,LC-16885,1113.50
1050,CA-2014-139192,5/27/2017,LC-16885,99.99
1051,US-2015-153500,7/3/2018,DG-13300,168.46
1052,US-2015-153500,7/3/2018,DG-13300,6.72
1053,US-2015-153500,7/3/2018,DG-13300,282.89
1054,CA-2015-110667,4/4/2018,NF-18595,11.16
1055,CA-2015-110667,4/4/2018,NF-18595,108.40
1056,CA-2015-110667,4/4/2018,NF-18595,82.34
1057,CA-2015-110667,4/4/2018,NF-18595,9.09
1060,CA-2016-105284,11/24/2019,MG-17650,4.42
1061,US-2015-125374,3/23/2018,JD-16060,107.77
1062,CA-2015-161263,4/16/2018,TS-21160,45.22
1063,CA-2015-161263,4/16/2018,TS-21160,10.42
1064,CA-2015-161263,4/16/2018,TS-21160,7.87
1065,CA-2015-161263,4/16/2018,TS-21160,118.78
1066,CA-2015-161263,4/16/2018,TS-21160,1.45
1067,CA-2015-161263,4/16/2018,TS-21160,55.47
1068,CA-2016-157686,10/1/2019,BD-11620,194.85
1070,US-2015-150161,7/25/2018,RB-19795,25.18
1071,CA-2015-144652,11/20/2018,SN-20560,19.46
1072,CA-2016-152814,4/28/2019,EH-14005,29.47
1074,CA-2016-134348,11/12/2019,MS-17710,6.27
1075,CA-2016-134348,11/12/2019,MS-17710,4.37
1076,CA-2016-134348,11/12/2019,MS-17710,31.98
1077,CA-2016-161781,9/29/2019,CC-12100,40.88
1081,CA-2015-110016,11/29/2018,BT-11395,19.92
1082,CA-2015-110016,11/29/2018,BT-11395,1106.91
1083,US-2016-143819,3/1/2019,KD-16270,836.59
1084,US-2016-143819,3/1/2019,KD-16270,26.38
1085,US-2016-143819,3/1/2019,KD-16270,362.92
1086,US-2016-143819,3/1/2019,KD-16270,4899.93
1087,CA-2016-167584,8/12/2019,LC-16870,6.48
1088,CA-2016-166163,8/15/2019,CY-12745,71.98
1089,CA-2016-166163,8/15/2019,CY-12745,3.15
1090,CA-2017-158407,6/4/2020,LW-16990,31.98
1091,CA-2017-158407,6/4/2020,LW-16990,71.98
1092,CA-2015-143490,12/6/2018,NP-18325,120.15
1093,CA-2015-143490,12/6/2018,NP-18325,219.18
1094,CA-2015-165085,12/27/2018,BT-11485,28.90
1095,CA-2015-165085,12/27/2018,BT-11485,355.96
1096,CA-2017-160423,1/21/2020,PS-19045,348.21
1097,CA-2017-160423,1/21/2020,PS-19045,35.78
1098,CA-2014-159338,6/25/2017,NS-18640,447.84
1099,CA-2016-107216,6/14/2019,PV-18985,7.04
1100,CA-2016-107216,6/14/2019,PV-18985,8.73
1101,CA-2016-107216,6/14/2019,PV-18985,29.29
1102,CA-2016-107216,6/14/2019,PV-18985,8.64
1103,US-2017-145863,4/21/2020,RP-19390,2.69
1104,US-2017-145863,4/21/2020,RP-19390,2.93
1105,CA-2016-112340,10/21/2019,NM-18520,22.92
1106,US-2016-110156,11/19/2019,EH-13945,100.70
1107,US-2016-110156,11/19/2019,EH-13945,2.33
1108,US-2016-110156,11/19/2019,EH-13945,10.78
1109,US-2016-110156,11/19/2019,EH-13945,58.37
1110,US-2016-110156,11/19/2019,EH-13945,40.97
1111,US-2016-110156,11/19/2019,EH-13945,71.96
1112,US-2016-110156,11/19/2019,EH-13945,10.37
1113,US-2016-110156,11/19/2019,EH-13945,1.19
1117,CA-2016-144855,7/22/2019,DL-13495,6.30
1118,CA-2015-142755,9/4/2018,CS-12355,279.90
1119,CA-2015-142755,9/4/2018,CS-12355,619.95
1120,CA-2015-142755,9/4/2018,CS-12355,4.36
1121,CA-2015-142755,9/4/2018,CS-12355,15.28
1122,US-2014-147627,1/20/2017,HL-15040,699.93
1123,US-2014-147627,1/20/2017,HL-15040,22.96
1124,US-2014-147627,1/20/2017,HL-15040,38.60
1125,US-2014-147627,1/20/2017,HL-15040,6.63
1126,US-2014-147627,1/20/2017,HL-15040,23.34
1127,US-2014-147627,1/20/2017,HL-15040,1067.94
1128,CA-2015-105970,3/2/2018,PA-19060,10.16
1129,CA-2015-105970,3/2/2018,PA-19060,101.88
1130,CA-2016-112102,4/12/2019,BD-11605,343.92
1131,CA-2016-112102,4/12/2019,BD-11605,40.99
1132,CA-2016-112102,4/12/2019,BD-11605,63.90
1133,US-2016-114776,12/6/2019,GG-14650,19.44
1134,US-2016-134908,6/5/2019,JS-15940,124.61
1135,US-2016-134908,6/5/2019,JS-15940,7.56
1136,US-2016-148803,12/11/2019,LR-16915,85.22
1137,CA-2016-152170,11/12/2019,FH-14275,287.52
1138,CA-2016-152170,11/12/2019,FH-14275,37.68
1139,CA-2016-152170,11/12/2019,FH-14275,19.98
1140,CA-2016-152170,11/12/2019,FH-14275,20.58
1141,CA-2016-152170,11/12/2019,FH-14275,17.38
1142,CA-2014-146969,9/29/2017,AP-10915,204.60
1143,CA-2014-146969,9/29/2017,AP-10915,8.72
1144,CA-2014-146969,9/29/2017,AP-10915,6.48
1145,CA-2014-146969,9/29/2017,AP-10915,686.32
1146,CA-2014-146969,9/29/2017,AP-10915,62.18
1147,CA-2015-112452,4/4/2018,NC-18340,644.08
1148,CA-2015-112452,4/4/2018,NC-18340,5.84
1149,CA-2015-112452,4/4/2018,NC-18340,12.76
1150,CA-2015-112452,4/4/2018,NC-18340,10.95
1151,CA-2015-112452,4/4/2018,NC-18340,599.98
1152,CA-2015-113971,5/8/2018,CB-12535,8.35
1153,CA-2017-160395,12/31/2019,KL-16555,3.64
1154,CA-2017-160395,12/31/2019,KL-16555,159.77
1155,CA-2014-136567,12/20/2017,PS-19045,122.48
1156,CA-2014-136567,12/20/2017,PS-19045,2244.48
1157,CA-2014-136567,12/20/2017,PS-19045,62.31
1158,CA-2014-136567,12/20/2017,PS-19045,455.10
1159,CA-2016-149314,7/2/2019,GB-14530,195.18
1160,CA-2017-147039,6/29/2020,AA-10315,362.94
1161,CA-2017-147039,6/29/2020,AA-10315,11.54
1162,CA-2014-126522,9/1/2017,LT-16765,53.94
1163,CA-2014-127964,3/3/2017,AP-10720,9.99
1164,CA-2014-127964,3/3/2017,AP-10720,125.76
1165,CA-2014-127964,3/3/2017,AP-10720,25.32
1166,CA-2014-117709,5/4/2017,PM-18940,46.80
1167,CA-2015-125416,11/2/2018,KC-16540,447.93
1172,US-2014-100279,3/10/2017,SW-20275,22.38
1173,CA-2014-158064,4/21/2017,AA-10375,16.52
1174,US-2015-104430,10/22/2018,LT-17110,5.18
1175,CA-2015-132080,8/22/2018,DP-13105,50.11
1176,CA-2016-161207,8/29/2019,AB-10060,27.93
1177,CA-2014-120243,12/27/2017,AT-10435,11.56
1178,CA-2016-113621,12/1/2019,JE-15745,172.50
1179,CA-2016-113621,12/1/2019,JE-15745,179.97
1180,CA-2016-168081,4/24/2019,CA-12055,258.70
1181,CA-2014-128146,6/21/2017,DB-13060,1322.93
1182,CA-2014-128146,6/21/2017,DB-13060,3.76
1183,CA-2017-138779,1/14/2020,RB-19570,21.74
1184,CA-2017-138779,1/14/2020,RB-19570,7.92
1185,CA-2014-127131,11/24/2017,HR-14830,12.10
1186,CA-2014-127131,11/24/2017,HR-14830,485.88
1187,CA-2014-127131,11/24/2017,HR-14830,25.92
1188,CA-2014-127131,11/24/2017,HR-14830,197.58
1189,CA-2017-117212,2/26/2020,BT-11530,81.92
1190,CA-2017-117212,2/26/2020,BT-11530,889.54
1191,CA-2017-117212,2/26/2020,BT-11530,892.22
1192,CA-2017-117212,2/26/2020,BT-11530,223.92
1193,CA-2017-117212,2/26/2020,BT-11530,23.12
1194,US-2015-130519,9/15/2018,NG-18355,15.55
1195,US-2015-130519,9/15/2018,NG-18355,15.71
1196,US-2015-130519,9/15/2018,NG-18355,24.67
1197,US-2015-130519,9/15/2018,NG-18355,55.97
1198,CA-2016-130946,4/8/2019,ZC-21910,431.93
1199,CA-2016-130946,4/8/2019,ZC-21910,95.98
1200,CA-2016-130946,4/8/2019,ZC-21910,1088.79
1201,CA-2016-114727,7/18/2019,LS-16945,544.01
1202,CA-2016-114727,7/18/2019,LS-16945,1.87
1203,CA-2016-114727,7/18/2019,LS-16945,854.35
1204,CA-2016-114727,7/18/2019,LS-16945,593.57
1205,CA-2016-114727,7/18/2019,LS-16945,338.04
1207,CA-2016-137050,7/14/2019,SW-20755,11.21
1208,CA-2016-137050,7/14/2019,SW-20755,9.14
1209,CA-2016-137050,7/14/2019,SW-20755,14.07
1210,CA-2016-137050,7/14/2019,SW-20755,41.86
1211,CA-2016-137050,7/14/2019,SW-20755,8.54
1212,CA-2016-137050,7/14/2019,SW-20755,579.14
1221,CA-2014-110184,7/12/2017,BF-11170,249.75
1222,CA-2014-110184,7/12/2017,BF-11170,255.94
1223,CA-2016-126004,12/4/2019,BM-11140,113.79
1224,CA-2016-126004,12/4/2019,BM-11140,78.15
1225,CA-2016-126004,12/4/2019,BM-11140,1.73
1226,CA-2016-126004,12/4/2019,BM-11140,40.56
1227,CA-2016-126004,12/4/2019,BM-11140,182.94
1228,CA-2016-126004,12/4/2019,BM-11140,193.86
1232,CA-2015-132570,10/31/2018,KT-16480,2.78
1233,CA-2015-132570,10/31/2018,KT-16480,79.96
1234,CA-2016-153682,5/30/2019,BG-11695,839.99
1235,CA-2016-144344,10/28/2019,PG-18820,47.95
1236,CA-2016-144344,10/28/2019,PG-18820,37.43
1237,CA-2016-144344,10/28/2019,PG-18820,63.97
1238,CA-2016-144344,10/28/2019,PG-18820,165.05
1239,CA-2014-127012,8/11/2017,GM-14680,12.35
1240,CA-2014-127012,8/11/2017,GM-14680,40.97
1241,CA-2014-127012,8/11/2017,GM-14680,22.96
1242,CA-2016-128727,8/29/2019,MO-17800,22.00
1243,US-2016-162859,2/15/2019,PG-18820,398.35
1244,US-2016-162859,2/15/2019,PG-18820,8.72
1245,CA-2017-133641,5/14/2020,EJ-14155,48.69
1246,CA-2014-168494,12/12/2017,NP-18700,764.69
1247,CA-2014-168494,12/12/2017,NP-18700,3610.85
1248,CA-2014-168494,12/12/2017,NP-18700,254.97
1253,CA-2015-154956,7/4/2018,IM-15070,1099.96
1254,CA-2017-144638,3/10/2020,MH-18115,5.25
1255,CA-2017-144638,3/10/2020,MH-18115,35.91
1256,CA-2017-144638,3/10/2020,MH-18115,6.70
1257,CA-2017-144638,3/10/2020,MH-18115,43.87
1258,US-2016-168620,12/24/2019,RB-19795,27.88
1259,US-2016-168620,12/24/2019,RB-19795,540.05
1260,US-2016-168620,12/24/2019,RB-19795,255.68
1262,US-2016-144393,10/28/2019,SM-20950,17.62
1263,CA-2017-105053,7/7/2020,CS-12355,17.47
1264,CA-2016-155992,10/1/2019,CC-12220,69.90
1265,CA-2016-155992,10/1/2019,CC-12220,41.85
1267,US-2014-167738,12/24/2017,JC-16105,142.86
1268,US-2014-167738,12/24/2017,JC-16105,292.27
1270,CA-2017-100426,6/4/2020,DC-12850,12.48
1271,US-2016-103646,4/21/2019,SP-20545,102.34
1272,US-2016-103646,4/21/2019,SP-20545,48.79
1273,US-2016-103646,4/21/2019,SP-20545,44.85
1274,CA-2016-119186,5/26/2019,MS-17710,10.37
1275,CA-2016-119186,5/26/2019,MS-17710,388.43
1276,CA-2016-119186,5/26/2019,MS-17710,14.35
1277,CA-2016-119186,5/26/2019,MS-17710,63.99
1278,CA-2016-148698,5/2/2019,BD-11770,86.35
1279,CA-2014-163293,9/8/2017,KC-16255,32.97
1280,CA-2014-163293,9/8/2017,KC-16255,83.88
1281,CA-2016-160815,9/5/2019,TR-21325,278.40
1282,CA-2017-122154,4/9/2020,SA-20830,15.12
1283,CA-2017-122154,4/9/2020,SA-20830,17.43
1284,CA-2017-122154,4/9/2020,SA-20830,251.64
1285,US-2015-149692,12/6/2018,KW-16435,2.77
1286,CA-2016-119445,6/26/2019,GM-14500,14.90
1287,CA-2015-124268,7/4/2018,AD-10180,15.48
1288,CA-2016-154711,11/22/2019,TB-21355,39.88
1289,CA-2016-154711,11/22/2019,TB-21355,12.19
1290,CA-2016-154711,11/22/2019,TB-21355,20.82
1291,CA-2016-163384,11/10/2019,CC-12430,13.22
1292,CA-2016-163384,11/10/2019,CC-12430,32.40
1293,CA-2015-101707,8/27/2018,PF-19165,32.94
1294,CA-2015-101707,8/27/2018,PF-19165,114.20
1295,CA-2015-101707,8/27/2018,PF-19165,3.08
1296,CA-2015-138898,5/25/2018,JH-16180,845.73
1299,CA-2016-134425,12/8/2019,QJ-19255,114.95
1300,CA-2015-121391,10/4/2018,AA-10315,26.96
1301,CA-2016-137043,12/23/2019,LC-17140,572.76
1302,CA-2016-137043,12/23/2019,LC-17140,286.38
1303,CA-2015-115847,9/19/2018,TC-21535,61.96
1304,US-2017-126179,7/3/2020,CS-12460,23.99
1305,US-2017-126179,7/3/2020,CS-12460,287.97
1306,CA-2016-101966,7/14/2019,BM-11785,419.94
1307,CA-2016-141397,6/20/2019,RC-19825,46.76
1308,CA-2016-141397,6/20/2019,RC-19825,17.71
1309,CA-2016-141397,6/20/2019,RC-19825,21.78
1310,CA-2016-141397,6/20/2019,RC-19825,161.94
1311,CA-2016-141397,6/20/2019,RC-19825,161.57
1312,CA-2016-141082,12/9/2019,FM-14380,3.69
1313,CA-2016-141082,12/9/2019,FM-14380,122.12
1314,US-2016-134488,9/24/2019,PK-19075,155.37
1315,CA-2016-145919,12/18/2019,HG-14965,38.88
1316,CA-2016-145919,12/18/2019,HG-14965,183.84
1317,CA-2016-145919,12/18/2019,HG-14965,579.30
1319,CA-2014-160773,7/1/2017,LW-16825,575.92
1320,CA-2014-160773,7/1/2017,LW-16825,5.18
1321,CA-2017-167703,2/3/2020,MC-17575,5.23
1322,CA-2017-167703,2/3/2020,MC-17575,285.55
1323,CA-2017-121804,3/3/2020,LP-17095,72.80
1325,CA-2014-107153,9/28/2017,GZ-14545,46.26
1326,US-2014-117058,5/27/2017,LE-16810,17.46
1327,CA-2015-120439,6/14/2018,AD-10180,51.07
1328,CA-2016-128258,3/30/2019,CP-12085,11.34
1330,CA-2016-142762,5/23/2019,LD-17005,37.05
1331,CA-2017-127705,6/2/2020,AB-10255,2.97
1332,CA-2017-127705,6/2/2020,AB-10255,27.44
1333,CA-2014-122567,2/16/2017,MN-17935,1.08
1334,CA-2014-122567,2/16/2017,MN-17935,7.96
1335,CA-2014-121664,5/6/2017,HP-14815,140.74
1336,CA-2016-122133,5/16/2019,JR-15670,552.56
1337,US-2017-123281,4/2/2020,JF-15190,25.11
1338,CA-2017-100524,3/31/2020,CM-12115,29.78
1339,CA-2017-100524,3/31/2020,CM-12115,677.58
1340,CA-2017-100524,3/31/2020,CM-12115,75.04
1341,CA-2017-113481,1/2/2020,AS-10045,695.70
1342,CA-2017-113481,1/2/2020,AS-10045,15.66
1343,CA-2017-113481,1/2/2020,AS-10045,28.85
1344,CA-2015-131758,5/28/2018,KB-16315,47.82
1345,CA-2015-131758,5/28/2018,KB-16315,13.05
1346,CA-2014-118339,3/17/2017,BN-11515,93.78
1347,CA-2014-118339,3/17/2017,BN-11515,47.18
1348,CA-2014-118339,3/17/2017,BN-11515,19.68
1349,CA-2014-118339,3/17/2017,BN-11515,53.40
1350,CA-2014-118339,3/17/2017,BN-11515,35.88
1351,CA-2014-153976,10/3/2017,BP-11290,258.28
1352,CA-2016-162901,3/28/2019,AS-10045,31.40
1353,CA-2017-162978,5/4/2020,LW-16990,183.96
1354,CA-2017-162978,5/4/2020,LW-16990,17.61
1355,CA-2017-162978,5/4/2020,LW-16990,300.90
1356,US-2014-160444,7/5/2017,DC-12850,220.78
1357,US-2014-160444,7/5/2017,DC-12850,281.42
1358,CA-2016-145247,5/5/2019,ND-18370,79.14
1359,CA-2017-160045,4/26/2020,LB-16735,1.99
1360,US-2014-151925,9/26/2017,KT-16465,145.57
1369,CA-2017-133249,7/8/2020,SZ-20035,145.90
1370,US-2015-103471,12/24/2018,JR-15670,590.06
1371,US-2015-103471,12/24/2018,JR-15670,14.04
1372,CA-2017-136672,3/7/2020,MG-17890,49.08
1373,US-2014-157021,4/1/2017,KM-16720,29.60
1374,US-2014-157021,4/1/2017,KM-16720,17.09
1375,CA-2015-120362,9/14/2018,CA-12265,912.75
1376,CA-2014-126361,8/4/2017,VD-21670,1089.75
1377,CA-2014-126361,8/4/2017,VD-21670,447.84
1378,CA-2014-126361,8/4/2017,VD-21670,16.40
1379,CA-2014-126361,8/4/2017,VD-21670,399.96
1380,CA-2014-126361,8/4/2017,VD-21670,158.90
1381,CA-2014-126361,8/4/2017,VD-21670,13.18
1382,US-2016-100566,9/3/2019,JK-16120,83.95
1383,US-2016-108504,2/5/2019,PP-18955,80.98
1384,US-2016-108504,2/5/2019,PP-18955,348.84
1385,US-2016-108504,2/5/2019,PP-18955,9.45
1386,US-2016-108504,2/5/2019,PP-18955,18.84
1387,US-2016-108504,2/5/2019,PP-18955,239.98
1388,US-2016-108504,2/5/2019,PP-18955,167.96
1389,US-2016-108504,2/5/2019,PP-18955,104.85
1390,US-2016-108504,2/5/2019,PP-18955,484.83
1391,US-2016-108504,2/5/2019,PP-18955,122.97
1392,US-2016-108504,2/5/2019,PP-18955,154.44
1393,US-2016-108504,2/5/2019,PP-18955,342.37
1394,CA-2017-124828,7/3/2020,YS-21880,9.55
1397,CA-2016-124485,11/24/2019,NC-18340,17.22
1398,CA-2016-124485,11/24/2019,NC-18340,11.56
1399,CA-2016-124485,11/24/2019,NC-18340,88.40
1400,CA-2016-124485,11/24/2019,NC-18340,6.48
1401,CA-2016-159212,11/1/2019,KM-16375,21.80
1402,CA-2016-159212,11/1/2019,KM-16375,251.79
1403,US-2016-161396,4/19/2019,GM-14455,205.18
1404,US-2016-161396,4/19/2019,GM-14455,419.40
1405,US-2014-118486,4/6/2017,SD-20485,10.30
1406,US-2014-118486,4/6/2017,SD-20485,154.76
1407,US-2014-118486,4/6/2017,SD-20485,116.78
1408,CA-2016-130407,9/2/2019,KD-16270,75.48
1409,CA-2016-130407,9/2/2019,KD-16270,39.98
1410,US-2016-122245,9/25/2019,AB-10105,393.17
1412,CA-2016-136329,7/9/2019,JD-15895,408.01
1413,CA-2016-136329,7/9/2019,JD-15895,165.28
1414,CA-2014-146640,6/30/2017,HA-14905,334.77
1415,CA-2017-115994,1/28/2020,BT-11305,239.97
1416,CA-2017-115994,1/28/2020,BT-11305,37.74
1417,CA-2015-126697,9/21/2018,SV-20815,946.34
1418,CA-2015-126697,9/21/2018,SV-20815,151.20
1419,CA-2015-126697,9/21/2018,SV-20815,4.93
1420,CA-2015-124800,9/26/2018,RW-19540,86.27
1421,CA-2015-124800,9/26/2018,RW-19540,72.59
1422,CA-2015-124800,9/26/2018,RW-19540,60.67
1423,CA-2015-124800,9/26/2018,RW-19540,77.03
1424,CA-2015-124800,9/26/2018,RW-19540,119.90
1425,CA-2015-124800,9/26/2018,RW-19540,263.96
1426,CA-2015-124800,9/26/2018,RW-19540,363.65
1427,US-2015-164448,10/31/2018,DK-12835,9.73
1428,US-2015-164448,10/31/2018,DK-12835,14.75
1429,US-2015-164448,10/31/2018,DK-12835,29.80
1430,US-2015-164448,10/31/2018,DK-12835,427.42
1432,CA-2014-120768,12/19/2017,IM-15070,152.76
1433,CA-2014-120768,12/19/2017,IM-15070,7.27
1434,CA-2014-120768,12/19/2017,IM-15070,1819.86
1435,US-2016-153129,12/26/2019,FP-14320,33.90
1436,CA-2017-106852,6/20/2020,ST-20530,31.10
1437,CA-2017-106852,6/20/2020,ST-20530,5.25
1438,CA-2015-139731,10/15/2018,JE-15745,263.88
1439,CA-2015-139731,10/15/2018,JE-15745,2453.43
1440,CA-2017-122735,4/12/2020,BD-11320,29.70
1441,CA-2017-122735,4/12/2020,BD-11320,39.96
1444,CA-2015-166135,10/1/2018,SC-20440,139.42
1445,CA-2016-133725,5/23/2019,KL-16645,1979.93
1446,CA-2017-102337,6/13/2020,SD-20485,164.74
1447,CA-2017-102337,6/13/2020,SD-20485,470.30
1448,CA-2017-102337,6/13/2020,SD-20485,47.98
1449,US-2014-112564,4/23/2017,TS-21160,2.50
1450,CA-2015-145821,5/1/2018,JB-15400,88.75
1451,US-2015-160150,7/19/2018,TS-21085,2.03
1452,CA-2016-133711,11/26/2019,MC-17425,70.98
1453,CA-2016-133711,11/26/2019,MC-17425,91.68
1454,CA-2016-133711,11/26/2019,MC-17425,33.75
1455,CA-2016-133711,11/26/2019,MC-17425,3040.00
1456,CA-2017-148474,6/12/2020,ME-17320,91.20
1457,CA-2017-148474,6/12/2020,ME-17320,452.94
1458,CA-2015-111297,8/17/2018,SC-20440,52.20
1459,CA-2016-123722,9/25/2019,NH-18610,15.94
1460,CA-2014-155271,5/4/2017,AA-10480,27.46
1461,CA-2015-119907,12/1/2018,LC-17140,55.42
1462,US-2016-128902,3/11/2019,MB-18085,244.01
1463,CA-2016-152289,8/26/2019,LC-16930,159.98
1464,CA-2016-152289,8/26/2019,LC-16930,1024.72
1465,US-2016-104794,12/16/2019,KD-16495,3.68
1466,CA-2014-151708,8/8/2017,MB-17305,121.38
1467,CA-2014-151708,8/8/2017,MB-17305,95.98
1468,CA-2015-100769,5/16/2018,TH-21550,255.97
1472,US-2015-161466,9/24/2018,ON-18715,6.85
1473,CA-2017-164959,7/11/2020,KN-16390,8.67
1474,US-2015-105676,12/1/2018,NM-18520,6.69
1475,CA-2016-113138,11/19/2019,NP-18685,17.28
1476,CA-2016-113138,11/19/2019,NP-18685,17.71
1477,US-2017-104955,3/19/2020,CG-12040,28.91
1478,CA-2016-121958,11/13/2019,CS-12505,52.14
1480,US-2016-108455,12/2/2019,MK-18160,25.92
1481,US-2016-108455,12/2/2019,MK-18160,40.46
1482,US-2016-108455,12/2/2019,MK-18160,33.87
1485,US-2016-108098,10/14/2019,CP-12340,177.00
1486,CA-2014-119032,11/27/2017,MS-17770,3.76
1487,CA-2015-140410,11/3/2018,CM-12655,1212.85
1488,CA-2015-140410,11/3/2018,CM-12655,89.97
1489,CA-2015-140410,11/3/2018,CM-12655,42.60
1490,CA-2014-136280,11/29/2017,Co-12640,5.04
1491,CA-2017-151911,4/30/2020,DL-13495,62.96
1495,CA-2014-123925,12/17/2017,RF-19840,40.05
1499,CA-2016-141586,10/17/2019,NK-18490,18.16
1503,CA-2016-100468,11/24/2019,AT-10435,33.52
1504,CA-2016-100468,11/24/2019,AT-10435,9.94
1505,CA-2015-153388,8/1/2018,PC-19000,6.72
1506,CA-2015-153388,8/1/2018,PC-19000,1004.98
1508,CA-2016-134208,9/17/2019,CS-12505,396.00
1511,CA-2017-100384,6/24/2020,NH-18610,385.60
1512,CA-2017-100384,6/24/2020,NH-18610,35.82
1518,CA-2014-111059,2/3/2017,TB-21400,83.84
1519,CA-2014-111059,2/3/2017,TB-21400,13.27
1520,CA-2017-116204,2/11/2020,VW-21775,21.34
1521,CA-2017-109946,4/16/2020,PL-18925,16.52
1522,CA-2015-144806,12/6/2018,GH-14425,206.11
1523,CA-2015-144806,12/6/2018,GH-14425,19.92
1524,CA-2015-144806,12/6/2018,GH-14425,198.27
1525,CA-2015-144806,12/6/2018,GH-14425,247.10
1526,CA-2015-144806,12/6/2018,GH-14425,86.30
1527,CA-2016-122392,7/22/2019,CJ-12010,4.16
1528,CA-2016-122392,7/22/2019,CJ-12010,11.65
1529,CA-2015-148432,11/7/2018,MC-18130,26.18
1530,CA-2015-148432,11/7/2018,MC-18130,7.30
1531,CA-2015-103793,3/26/2018,BV-11245,74.35
1534,CA-2016-139885,12/4/2019,EB-13840,212.88
1535,CA-2017-124086,2/10/2020,MP-18175,203.98
1536,CA-2016-112389,10/29/2019,JM-15655,40.74
1537,CA-2016-112389,10/29/2019,JM-15655,11.67
1542,CA-2014-166884,3/11/2017,CK-12205,8.32
1543,CA-2014-166884,3/11/2017,CK-12205,10.46
1544,CA-2014-107181,2/4/2017,DB-13270,82.90
1545,CA-2014-107181,2/4/2017,DB-13270,34.24
1546,CA-2014-150245,12/31/2017,PC-18745,1573.49
1547,CA-2015-111395,11/23/2018,VB-21745,335.52
1548,CA-2015-111395,11/23/2018,VB-21745,23.91
1549,CA-2015-111395,11/23/2018,VB-21745,27.06
1550,CA-2014-134278,7/6/2017,EP-13915,559.99
1552,CA-2016-159345,6/17/2019,IG-15085,111.96
1553,CA-2014-130274,5/3/2017,JS-15940,21.56
1555,CA-2015-111507,2/6/2018,VW-21775,5.28
1557,CA-2016-109176,5/9/2019,JW-16075,9.34
1558,CA-2016-109176,5/9/2019,JW-16075,79.36
1559,CA-2015-112116,3/16/2018,JE-15475,171.96
1560,CA-2016-126809,4/9/2019,EB-13750,35.35
1561,CA-2014-105172,4/4/2017,PK-18910,18.90
1563,US-2017-102890,6/30/2020,SG-20470,1044.63
1564,CA-2015-158554,11/9/2018,CM-12190,11.35
1565,CA-2014-116239,3/4/2017,CL-12565,354.90
1566,CA-2015-132101,3/19/2018,JO-15550,453.58
1567,CA-2015-129112,11/29/2018,AW-10840,21.48
1568,CA-2015-129112,11/29/2018,AW-10840,8.78
1569,US-2017-152002,6/11/2020,DV-13465,122.97
1571,US-2014-157385,11/23/2017,SC-20095,603.92
1572,US-2014-157385,11/23/2017,SC-20095,21.84
1573,US-2014-157385,11/23/2017,SC-20095,29.99
1574,US-2014-157385,11/23/2017,SC-20095,381.44
1575,CA-2014-101602,12/15/2017,MC-18100,40.68
1576,CA-2014-101602,12/15/2017,MC-18100,763.28
1577,CA-2016-109057,4/22/2019,TT-21460,23.95
1578,CA-2016-154403,5/23/2019,AP-10720,4.98
1579,CA-2016-102456,2/27/2019,DL-12865,170.88
1580,CA-2015-131338,8/9/2018,NP-18325,307.98
1581,CA-2015-131338,8/9/2018,NP-18325,382.81
1582,CA-2015-131338,8/9/2018,NP-18325,41.96
1583,CA-2015-131338,8/9/2018,NP-18325,1217.57
1584,CA-2015-131338,8/9/2018,NP-18325,47.04
1585,CA-2015-131338,8/9/2018,NP-18325,6.16
1586,CA-2015-131338,8/9/2018,NP-18325,979.95
1587,CA-2015-131338,8/9/2018,NP-18325,143.70
1588,CA-2015-131338,8/9/2018,NP-18325,10.65
1589,CA-2015-131338,8/9/2018,NP-18325,247.80
1590,CA-2016-109911,5/12/2019,VG-21805,10.96
1591,US-2016-132423,4/15/2019,MY-18295,33.49
1592,US-2016-132423,4/15/2019,MY-18295,8.04
1593,CA-2015-122826,6/23/2018,RD-19480,201.57
1594,CA-2014-117317,10/19/2017,JF-15490,13.44
1595,CA-2015-118423,3/24/2018,DP-13390,359.06
1596,CA-2017-149181,5/8/2020,MD-17350,47.99
1602,CA-2016-164672,5/8/2019,GB-14530,211.96
1603,US-2016-132857,12/11/2019,CA-12775,6.67
1605,US-2016-115819,4/19/2019,JO-15280,39.96
1606,US-2016-115819,4/19/2019,JO-15280,5.46
1607,US-2016-115819,4/19/2019,JO-15280,73.20
1608,US-2016-115819,4/19/2019,JO-15280,5.84
1609,US-2016-115819,4/19/2019,JO-15280,22.72
1610,US-2016-115819,4/19/2019,JO-15280,9.34
1611,CA-2014-156349,5/26/2017,ML-17395,290.67
1612,CA-2014-156349,5/26/2017,ML-17395,201.58
1613,CA-2014-156349,5/26/2017,ML-17395,83.98
1615,US-2016-113509,3/15/2019,PL-18925,83.98
1616,CA-2015-130022,8/10/2018,JK-16120,3.75
1617,CA-2015-130022,8/10/2018,JK-16120,41.40
1618,CA-2015-130022,8/10/2018,JK-16120,29.79
1619,US-2016-118780,9/10/2019,PN-18775,59.48
1620,US-2016-118780,9/10/2019,PN-18775,6.69
1621,CA-2017-108560,7/8/2020,JC-15385,198.46
1622,CA-2017-108560,7/8/2020,JC-15385,786.48
1623,CA-2017-108560,7/8/2020,JC-15385,23.17
1624,CA-2017-108560,7/8/2020,JC-15385,50.00
1625,CA-2015-157084,12/19/2018,JG-15160,675.96
1626,CA-2015-157084,12/19/2018,JG-15160,1265.85
1627,CA-2015-164539,11/16/2018,PO-19180,523.25
1628,CA-2015-143119,9/24/2018,MC-17275,517.50
1629,CA-2017-101049,6/21/2020,AS-10240,17.92
1630,CA-2017-101049,6/21/2020,AS-10240,41.26
1631,CA-2016-106530,5/8/2019,CL-12565,1006.06
1632,CA-2016-106530,5/8/2019,CL-12565,10.69
1633,CA-2016-106530,5/8/2019,CL-12565,10.37
1634,CA-2016-106530,5/8/2019,CL-12565,25.12
1635,CA-2016-106530,5/8/2019,CL-12565,58.11
1636,CA-2014-168984,11/26/2017,NW-18400,15.55
1637,CA-2014-168984,11/26/2017,NW-18400,669.08
1638,CA-2014-168984,11/26/2017,NW-18400,438.34
1639,CA-2016-157266,5/26/2019,TB-21280,19.44
1640,CA-2016-157266,5/26/2019,TB-21280,9.64
1641,CA-2016-157266,5/26/2019,TB-21280,12.70
1642,CA-2016-157266,5/26/2019,TB-21280,41.37
1643,US-2014-134712,11/29/2017,BS-11380,12.62
1644,CA-2015-111829,3/19/2018,FH-14365,1247.64
1645,CA-2015-111829,3/19/2018,FH-14365,3149.93
1646,CA-2015-111829,3/19/2018,FH-14365,209.70
1647,CA-2015-105221,11/1/2018,VM-21685,35.36
1648,CA-2015-105221,11/1/2018,VM-21685,3.17
1649,CA-2015-120341,9/26/2018,SF-20200,121.10
1650,CA-2015-120341,9/26/2018,SF-20200,45.89
1651,CA-2014-135699,8/29/2017,HH-15010,109.92
1652,CA-2014-135699,8/29/2017,HH-15010,13.36
1658,CA-2014-127159,5/12/2017,HL-15040,34.79
1659,CA-2017-161809,1/20/2020,TH-21100,160.78
1662,CA-2017-144526,4/30/2020,QJ-19255,677.58
1663,CA-2017-144526,4/30/2020,QJ-19255,13.90
1664,CA-2016-128531,11/24/2019,NS-18505,41.92
1665,CA-2016-128531,11/24/2019,NS-18505,297.58
1666,CA-2016-128531,11/24/2019,NS-18505,4.34
1667,CA-2016-128531,11/24/2019,NS-18505,94.99
1668,CA-2016-128531,11/24/2019,NS-18505,74.35
1669,CA-2016-128531,11/24/2019,NS-18505,14.04
1670,US-2015-157154,1/10/2018,MM-17920,1018.10
1672,CA-2016-107615,3/22/2019,RB-19645,58.58
1673,CA-2017-111647,7/3/2020,RD-19585,167.97
1674,CA-2015-150560,12/11/2018,SW-20455,196.62
1675,CA-2015-143077,9/17/2018,SF-20965,21.94
1676,CA-2015-143077,9/17/2018,SF-20965,6.59
1677,CA-2016-122728,5/18/2019,EB-13930,104.28
1678,CA-2016-122728,5/18/2019,EB-13930,17.94
1679,CA-2014-122882,9/7/2017,SB-20290,64.78
1680,CA-2014-122882,9/7/2017,SB-20290,32.38
1681,CA-2014-122882,9/7/2017,SB-20290,42.37
1682,CA-2014-122882,9/7/2017,SB-20290,399.54
1683,US-2016-101497,9/29/2019,PS-18760,18.97
1684,CA-2016-147585,11/7/2019,CB-12535,14.82
1685,CA-2017-149489,4/24/2020,DK-12835,99.28
1686,CA-2017-149489,4/24/2020,DK-12835,1.19
1687,CA-2017-149489,4/24/2020,DK-12835,7.52
1690,CA-2014-142839,8/16/2017,TS-21610,853.09
1693,US-2016-154361,3/14/2019,HZ-14950,21.88
1694,US-2016-158708,6/26/2019,AB-10255,13.62
1695,CA-2015-156335,9/25/2018,PO-19195,63.96
1696,CA-2015-156335,9/25/2018,PO-19195,14.46
1697,CA-2015-156335,9/25/2018,PO-19195,104.98
1698,CA-2015-148376,12/27/2018,AG-10900,106.96
1699,CA-2015-148376,12/27/2018,AG-10900,21.56
1700,CA-2014-135657,6/3/2017,SC-20725,515.88
1701,CA-2015-114069,7/13/2018,ND-18370,11.81
1702,CA-2015-114069,7/13/2018,ND-18370,1931.04
1703,CA-2015-114069,7/13/2018,ND-18370,9.96
1704,CA-2014-139857,2/2/2017,CD-12790,12.35
1705,CA-2016-106306,3/8/2019,PG-18820,9.70
1706,CA-2015-100545,11/22/2018,IM-15070,11.61
1713,CA-2015-145401,1/30/2018,JP-15520,14.30
1716,CA-2016-154788,4/30/2019,JL-15835,7.71
1717,CA-2016-169943,5/19/2019,BN-11515,242.90
1718,CA-2016-169943,5/19/2019,BN-11515,454.90
1719,CA-2016-169943,5/19/2019,BN-11515,35.92
1720,CA-2016-169943,5/19/2019,BN-11515,39.76
1721,CA-2016-169943,5/19/2019,BN-11515,47.74
1722,US-2015-123218,12/20/2018,KD-16345,159.98
1723,US-2015-123218,12/20/2018,KD-16345,255.97
1724,US-2015-123218,12/20/2018,KD-16345,359.06
1725,CA-2015-127453,12/19/2018,JK-15370,434.35
1726,CA-2015-127453,12/19/2018,JK-15370,3.55
1727,CA-2015-127453,12/19/2018,JK-15370,88.83
1728,US-2017-164056,4/29/2020,FM-14215,1048.35
1729,CA-2016-106894,2/7/2019,CA-12265,100.00
1730,CA-2016-106894,2/7/2019,CA-12265,7.83
1731,CA-2014-125136,9/28/2017,KD-16495,96.26
1732,CA-2014-125136,9/28/2017,KD-16495,10.69
1733,US-2016-131149,7/10/2019,LH-17155,338.04
1734,US-2016-131149,7/10/2019,LH-17155,154.24
1735,CA-2017-101483,7/29/2020,AG-10675,34.85
1736,CA-2017-101483,7/29/2020,AG-10675,22.00
1737,CA-2017-101483,7/29/2020,AG-10675,4.37
1738,CA-2015-130204,9/3/2018,DB-13120,31.44
1739,CA-2015-130204,9/3/2018,DB-13120,17.90
1740,CA-2015-130204,9/3/2018,DB-13120,129.45
1741,CA-2014-110527,8/9/2017,ED-13885,20.88
1746,CA-2014-133270,6/6/2017,BM-11785,13.36
1747,CA-2016-155670,8/13/2019,EM-14065,11.23
1748,CA-2016-155670,8/13/2019,EM-14065,10.27
1749,US-2014-157406,4/25/2017,DA-13450,10.37
1750,US-2014-157406,4/25/2017,DA-13450,6.24
1751,CA-2015-139094,11/22/2018,MO-17800,206.96
1756,CA-2015-135622,12/8/2018,TT-21460,360.71
1757,CA-2015-135622,12/8/2018,TT-21460,1718.40
1758,US-2015-107349,7/13/2018,SL-20155,41.57
1759,CA-2014-139017,5/11/2017,RM-19375,46.86
1760,CA-2014-141817,1/5/2017,MB-18085,19.54
1761,CA-2015-130785,9/5/2018,AG-10900,411.33
1762,CA-2015-130785,9/5/2018,AG-10900,28.75
1763,CA-2015-130785,9/5/2018,AG-10900,293.20
1764,CA-2016-110254,8/4/2019,ML-17755,35.06
1765,CA-2016-110254,8/4/2019,ML-17755,4.13
1766,CA-2016-110254,8/4/2019,ML-17755,109.80
1767,CA-2016-110254,8/4/2019,ML-17755,9.82
1768,US-2014-158057,3/22/2017,CC-12685,7.64
1769,US-2014-158057,3/22/2017,CC-12685,51.47
1770,CA-2017-146024,3/2/2020,SC-20770,6.98
1771,CA-2017-146024,3/2/2020,SC-20770,12.22
1772,CA-2016-129686,11/27/2019,GG-14650,97.98
1773,CA-2016-129686,11/27/2019,GG-14650,62.40
1774,CA-2014-118976,4/28/2017,MY-18295,20.86
1775,CA-2014-118976,4/28/2017,MY-18295,497.61
1776,CA-2014-118976,4/28/2017,MY-18295,5.34
1777,CA-2014-118976,4/28/2017,MY-18295,3.15
1778,CA-2015-105347,11/24/2018,DP-13000,368.91
1779,CA-2015-105347,11/24/2018,DP-13000,14.70
1780,CA-2016-124667,11/11/2019,BD-11770,59.97
1781,CA-2016-124667,11/11/2019,BD-11770,83.36
1782,CA-2015-111094,7/9/2018,CB-12535,6.58
1783,CA-2015-111094,7/9/2018,CB-12535,122.94
1788,CA-2015-154326,2/15/2018,RP-19855,134.97
1789,CA-2015-154326,2/15/2018,RP-19855,699.98
1790,CA-2015-154326,2/15/2018,RP-19855,139.95
1791,CA-2014-102008,9/30/2017,RA-19915,48.94
1792,CA-2014-120474,12/1/2017,RP-19390,2807.84
1793,CA-2014-120474,12/1/2017,RP-19390,46.64
1794,CA-2014-104773,12/8/2017,TB-21175,60.42
1795,CA-2016-140774,9/5/2019,BE-11455,107.94
1799,CA-2016-100965,7/7/2019,RM-19375,215.65
1800,CA-2016-121034,8/8/2019,JF-15565,11.17
1801,CA-2016-121034,8/8/2019,JF-15565,53.95
1802,CA-2016-149461,11/13/2019,AS-10135,4.18
1806,US-2016-116729,12/25/2019,GK-14620,2575.94
1807,US-2016-116729,12/25/2019,GK-14620,45.36
1808,US-2016-116729,12/25/2019,GK-14620,254.24
1809,CA-2016-164938,2/11/2019,PB-19210,69.93
1810,CA-2016-165484,10/23/2019,HK-14890,16.16
1811,CA-2016-165484,10/23/2019,HK-14890,54.82
1812,CA-2014-132612,6/9/2017,FO-14305,1441.30
1815,CA-2015-131597,9/14/2018,SP-20620,170.14
1816,CA-2015-164833,6/4/2018,LL-16840,7.38
1817,CA-2015-164833,6/4/2018,LL-16840,9.26
1818,CA-2015-125423,12/13/2018,MC-17575,9.96
1819,US-2014-130379,5/25/2017,JL-15235,75.60
1820,US-2014-130379,5/25/2017,JL-15235,29.32
1821,CA-2016-168956,2/16/2019,EA-14035,92.06
1822,CA-2016-168956,2/16/2019,EA-14035,6.98
1823,CA-2016-168956,2/16/2019,EA-14035,62.96
1824,CA-2016-168956,2/16/2019,EA-14035,5.18
1825,CA-2016-167507,12/22/2019,SA-20830,31.32
1826,CA-2016-167507,12/22/2019,SA-20830,11.84
1827,CA-2016-167507,12/22/2019,SA-20830,22.78
1828,CA-2016-109344,2/8/2019,CH-12070,1127.98
1829,US-2015-140851,7/13/2018,ND-18460,38.88
1830,CA-2014-103373,5/18/2017,BS-11755,779.80
1833,CA-2015-131422,11/5/2018,GB-14530,207.00
1836,CA-2014-141278,6/21/2017,RM-19375,21.40
1837,CA-2017-122693,2/19/2020,NH-18610,1245.86
1838,CA-2014-117345,8/1/2017,BF-10975,17.54
1839,CA-2014-117345,8/1/2017,BF-10975,44.13
1840,CA-2014-117345,8/1/2017,BF-10975,62.92
1841,CA-2014-117345,8/1/2017,BF-10975,78.30
1842,CA-2016-157763,7/18/2019,KH-16330,140.81
1843,CA-2015-135391,2/9/2018,FA-14230,40.10
1844,CA-2015-135391,2/9/2018,FA-14230,40.78
1845,US-2017-113852,7/29/2020,GW-14605,90.57
1846,US-2017-158512,1/12/2020,DA-13450,40.08
1847,US-2017-158512,1/12/2020,DA-13450,37.68
1850,CA-2015-160472,7/20/2018,RK-19300,34.76
1851,CA-2015-160472,7/20/2018,RK-19300,831.20
1852,CA-2015-160472,7/20/2018,RK-19300,26.40
1853,CA-2015-160472,7/20/2018,RK-19300,106.75
1854,CA-2015-160472,7/20/2018,RK-19300,97.82
1855,CA-2015-160472,7/20/2018,RK-19300,141.40
1856,CA-2014-114643,6/13/2017,FM-14215,14.52
1857,US-2017-158218,5/12/2020,AC-10420,127.92
1858,US-2017-158218,5/12/2020,AC-10420,34.24
1859,CA-2015-121608,9/3/2018,JB-15400,137.62
1860,CA-2015-121608,9/3/2018,JB-15400,100.49
1861,US-2017-121251,3/26/2020,GM-14440,257.57
1862,US-2017-121251,3/26/2020,GM-14440,119.96
1863,CA-2014-151078,11/12/2017,RF-19840,49.63
1864,US-2016-100839,10/13/2019,NC-18625,727.45
1865,US-2016-100839,10/13/2019,NC-18625,24.96
1867,CA-2017-118857,4/15/2020,AH-10075,196.45
1868,CA-2015-127110,6/25/2018,CH-12070,31.10
1869,CA-2015-127110,6/25/2018,CH-12070,78.26
1870,CA-2016-148201,8/26/2019,CC-12145,6.48
1871,CA-2014-116932,7/21/2017,ME-18010,99.20
1872,CA-2014-116932,7/21/2017,ME-18010,801.57
1873,CA-2014-116932,7/21/2017,ME-18010,272.85
1875,CA-2014-147914,6/4/2017,MP-17470,16.22
1876,US-2016-112977,3/10/2019,CJ-12010,176.78
1877,CA-2017-112039,3/25/2020,JC-15775,470.38
1880,US-2017-166611,3/28/2020,CK-12760,68.74
1881,CA-2015-109512,3/5/2018,LF-17185,29.34
1882,CA-2015-109512,3/5/2018,LF-17185,383.61
1883,CA-2015-109512,3/5/2018,LF-17185,563.40
1884,CA-2016-118570,11/13/2019,CC-12430,217.06
1885,CA-2017-154718,1/19/2020,DL-12865,6.00
1886,CA-2016-147578,4/22/2019,PG-18895,31.56
1887,CA-2014-140165,5/13/2017,EH-14005,7.10
1888,CA-2014-140165,5/13/2017,EH-14005,398.35
1889,CA-2014-142587,10/21/2017,TB-21520,121.79
1890,CA-2014-142587,10/21/2017,TB-21520,409.59
1891,CA-2014-157623,3/14/2017,DK-13225,10.56
1892,CA-2014-157623,3/14/2017,DK-13225,3.38
1894,CA-2016-100083,11/24/2019,CD-11980,24.78
1896,CA-2015-109197,12/31/2018,JO-15280,487.98
1898,CA-2014-169775,8/29/2017,RA-19945,29.81
1899,CA-2014-169775,8/29/2017,RA-19945,505.18
1900,CA-2014-169775,8/29/2017,RA-19945,174.06
1901,CA-2016-140543,6/29/2019,Co-12640,191.88
1902,CA-2016-151141,8/20/2019,DW-13480,14.78
1907,US-2016-150567,5/17/2019,RP-19855,2.95
1908,US-2016-150567,5/17/2019,RP-19855,27.02
1909,CA-2015-157959,2/3/2018,RW-19540,136.92
1911,CA-2016-105963,11/15/2019,SC-20770,99.39
1912,CA-2017-121503,7/3/2020,FH-14275,273.90
1913,CA-2017-121503,7/3/2020,FH-14275,597.13
1914,CA-2014-103366,1/15/2017,EH-13990,149.95
1915,CA-2017-124597,4/30/2020,AS-10630,4.61
1916,CA-2017-124597,4/30/2020,AS-10630,15.53
1917,CA-2017-124597,4/30/2020,AS-10630,11.95
1918,CA-2015-105634,11/8/2018,HA-14905,11.65
1919,CA-2015-123673,10/30/2018,CH-12070,299.90
1922,CA-2015-125178,10/3/2018,MZ-17515,15.01
1923,CA-2016-156685,7/8/2019,SC-20230,863.64
1924,CA-2016-156685,7/8/2019,SC-20230,47.62
1926,CA-2017-102834,3/9/2020,LW-16990,199.98
1927,US-2016-139710,6/9/2019,GM-14680,177.48
1929,US-2017-101539,3/16/2020,VM-21685,6.48
1930,US-2017-101539,3/16/2020,VM-21685,46.51
1931,US-2017-101539,3/16/2020,VM-21685,659.98
1932,CA-2016-152121,11/27/2019,CC-12670,271.99
1937,CA-2015-141768,5/25/2018,NP-18685,14.73
1938,CA-2016-112109,7/8/2019,JE-15715,19.97
1939,CA-2016-112109,7/8/2019,JE-15715,33.49
1940,CA-2016-112109,7/8/2019,JE-15715,8.74
1941,CA-2016-112109,7/8/2019,JE-15715,662.88
1945,CA-2016-108581,6/20/2019,EA-14035,95.97
1946,CA-2016-108581,6/20/2019,EA-14035,10.37
1971,CA-2017-140242,5/6/2020,ML-17755,6.41
1972,CA-2017-140242,5/6/2020,ML-17755,408.74
1973,CA-2014-148950,12/14/2017,JD-16015,5.10
1974,CA-2014-148950,12/14/2017,JD-16015,2.90
1975,CA-2014-148950,12/14/2017,JD-16015,35.02
1976,CA-2014-110408,10/18/2017,AS-10225,275.97
1977,CA-2014-110408,10/18/2017,AS-10225,1394.95
1978,CA-2014-110408,10/18/2017,AS-10225,545.88
1979,CA-2015-109939,5/8/2018,AA-10375,5.25
1980,CA-2016-112669,4/14/2019,KT-16465,933.54
1981,CA-2016-112669,4/14/2019,KT-16465,42.98
1982,CA-2015-119592,12/14/2018,MM-18280,3.76
1983,CA-2014-122749,12/3/2017,NG-18430,479.96
1984,CA-2014-164721,11/25/2017,LW-16825,320.88
1985,CA-2014-164721,11/25/2017,LW-16825,23.88
1986,CA-2014-164721,11/25/2017,LW-16825,26.76
1987,CA-2016-147417,7/25/2019,CB-12415,1439.98
1988,CA-2015-127509,11/9/2018,AS-10090,17.22
1989,CA-2015-127509,11/9/2018,AS-10090,1024.38
1990,CA-2015-127509,11/9/2018,AS-10090,26.22
1991,CA-2015-127509,11/9/2018,AS-10090,17.34
1992,CA-2017-111374,2/24/2020,CB-12415,4.96
1993,CA-2017-133648,6/25/2020,ML-17755,71.04
1994,CA-2017-133648,6/25/2020,ML-17755,5.34
1995,CA-2017-133648,6/25/2020,ML-17755,11.30
1998,CA-2014-131905,2/6/2017,ND-18460,15.00
1999,CA-2014-131905,2/6/2017,ND-18460,161.61
2000,CA-2014-131905,2/6/2017,ND-18460,144.95
2001,CA-2017-166128,4/11/2020,LW-17215,199.95
2002,CA-2017-166128,4/11/2020,LW-17215,41.86
2005,US-2017-143028,4/11/2020,SC-20050,11.36
2006,CA-2014-111150,12/31/2017,RW-19630,29.68
2007,CA-2014-111150,12/31/2017,RW-19630,47.53
2009,CA-2014-116407,11/15/2017,JF-15190,4.22
2010,CA-2014-116407,11/15/2017,JF-15190,333.06
2011,CA-2014-116407,11/15/2017,JF-15190,24.90
2012,CA-2015-155761,12/11/2018,SC-20800,159.98
2013,CA-2015-155761,12/11/2018,SC-20800,46.34
2014,CA-2016-145905,9/18/2019,AM-10705,350.98
2015,CA-2016-145905,9/18/2019,AM-10705,13.08
2016,CA-2016-145905,9/18/2019,AM-10705,900.08
2017,CA-2015-113110,3/19/2018,BK-11260,17.57
2018,CA-2015-113110,3/19/2018,BK-11260,14.62
2019,CA-2015-113110,3/19/2018,BK-11260,33.36
2020,CA-2015-113110,3/19/2018,BK-11260,40.14
2021,CA-2016-168354,9/19/2019,RH-19510,1606.23
2022,CA-2016-168354,9/19/2019,RH-19510,17.04
2023,CA-2016-168354,9/19/2019,RH-19510,49.53
2024,CA-2016-168354,9/19/2019,RH-19510,872.32
2026,CA-2015-114237,3/13/2018,MC-17275,141.96
2027,CA-2016-113516,9/8/2019,VM-21685,33.02
2028,CA-2016-113516,9/8/2019,VM-21685,67.14
2029,CA-2015-117961,11/26/2018,GP-14740,14.73
2030,CA-2015-117961,11/26/2018,GP-14740,104.90
2031,CA-2015-117961,11/26/2018,GP-14740,61.04
2032,CA-2015-117961,11/26/2018,GP-14740,10.95
2033,CA-2016-128923,12/9/2019,GB-14530,9.39
2034,CA-2016-128923,12/9/2019,GB-14530,9.33
2037,CA-2015-119214,1/23/2018,CW-11905,29.04
2038,CA-2015-119214,1/23/2018,CW-11905,14.62
2039,CA-2015-122287,6/18/2018,SN-20560,11.95
2040,CA-2015-122287,6/18/2018,SN-20560,4.54
2041,CA-2015-122287,6/18/2018,SN-20560,9.16
2042,CA-2015-122287,6/18/2018,SN-20560,75.36
2043,CA-2015-104493,10/2/2018,EB-13705,57.50
2045,CA-2014-129168,8/17/2017,KB-16585,15.55
2046,CA-2016-131835,7/17/2019,MC-17590,162.64
2047,CA-2016-131835,7/17/2019,MC-17590,597.00
2048,CA-2016-131835,7/17/2019,MC-17590,55.48
2049,CA-2015-142237,7/11/2018,CK-12595,289.80
2050,CA-2015-142237,7/11/2018,CK-12595,2.50
2051,CA-2015-142237,7/11/2018,CK-12595,6.48
2052,CA-2015-142237,7/11/2018,CK-12595,341.49
2053,CA-2015-142237,7/11/2018,CK-12595,11.12
2054,CA-2015-142237,7/11/2018,CK-12595,25.34
2055,CA-2016-136434,12/1/2019,RD-19480,17.31
2060,CA-2014-106439,10/31/2017,GG-14650,11.34
2061,CA-2014-106439,10/31/2017,GG-14650,80.30
2062,CA-2014-106439,10/31/2017,GG-14650,15.97
2063,CA-2014-106439,10/31/2017,GG-14650,64.74
2064,CA-2014-106439,10/31/2017,GG-14650,19.30
2065,CA-2014-106439,10/31/2017,GG-14650,405.64
2066,CA-2014-106439,10/31/2017,GG-14650,146.35
2067,CA-2014-106439,10/31/2017,GG-14650,251.91
2068,CA-2014-106439,10/31/2017,GG-14650,12.39
2069,CA-2015-133452,4/13/2018,ZC-21910,199.96
2070,CA-2015-133452,4/13/2018,ZC-21910,710.83
2071,CA-2016-146521,7/21/2019,CC-12610,1.94
2073,CA-2016-129693,11/26/2019,TC-20980,7.31
2076,CA-2014-131051,12/1/2017,TR-21325,58.20
2080,CA-2015-120103,12/24/2018,MS-17365,106.23
2081,CA-2015-120103,12/24/2018,MS-17365,111.98
2082,CA-2015-120103,12/24/2018,MS-17365,7.71
2083,CA-2017-104647,2/23/2020,CK-12595,37.44
2084,CA-2014-110352,11/23/2017,ED-13885,23.68
2085,CA-2016-140501,6/23/2019,IM-15070,122.12
2086,CA-2016-140501,6/23/2019,IM-15070,18.45
2087,CA-2016-140501,6/23/2019,IM-15070,324.90
2088,CA-2016-140501,6/23/2019,IM-15070,146.73
2089,CA-2016-140501,6/23/2019,IM-15070,3.96
2090,CA-2015-139290,10/26/2018,MY-17380,5.76
2091,CA-2017-166142,7/15/2020,MM-17260,26.55
2092,CA-2017-166142,7/15/2020,MM-17260,310.44
2093,CA-2014-145926,11/17/2017,MP-17470,479.90
2094,CA-2015-149678,4/13/2018,AW-10840,12.88
2095,US-2015-164357,11/25/2018,SF-20065,13.12
2096,US-2016-146570,5/15/2019,SN-20710,511.84
2097,US-2016-146570,5/15/2019,SN-20710,91.96
2098,US-2016-146570,5/15/2019,SN-20710,8.34
2101,US-2014-140116,3/10/2017,KT-16480,636.41
2102,US-2014-140116,3/10/2017,KT-16480,83.17
2103,CA-2014-123295,7/18/2017,AH-10120,259.14
2104,CA-2017-167101,3/24/2020,BM-11650,221.92
2105,CA-2017-167101,3/24/2020,BM-11650,26.00
2106,US-2014-167633,9/30/2017,BW-11200,15.55
2107,US-2014-152723,9/26/2017,HG-14965,0.88
2108,CA-2015-164882,10/31/2018,SG-20080,19.98
2109,CA-2015-164882,10/31/2018,SG-20080,398.35
2110,CA-2015-164882,10/31/2018,SG-20080,5.04
2111,CA-2015-164882,10/31/2018,SG-20080,17.45
2112,CA-2015-164882,10/31/2018,SG-20080,323.14
2113,CA-2015-164882,10/31/2018,SG-20080,29.70
2114,CA-2015-164882,10/31/2018,SG-20080,1295.84
2115,CA-2015-164882,10/31/2018,SG-20080,46.84
2116,CA-2015-164882,10/31/2018,SG-20080,425.83
2117,CA-2015-159786,10/12/2018,RK-19300,209.67
2118,CA-2016-130267,9/19/2019,SW-20245,159.88
2119,CA-2017-155460,4/13/2020,RW-19630,5.28
2120,CA-2017-155460,4/13/2020,RW-19630,895.92
2121,US-2017-168690,1/7/2020,TS-21085,2.81
2127,CA-2014-126032,6/23/2017,BS-11665,86.38
2128,CA-2015-134859,10/4/2018,JK-16120,64.94
2129,CA-2015-134859,10/4/2018,JK-16120,20.74
2130,US-2014-114188,5/20/2017,RF-19345,33.28
2131,US-2014-114188,5/20/2017,RF-19345,38.52
2132,US-2014-114188,5/20/2017,RF-19345,139.86
2133,CA-2015-156524,11/20/2018,DL-12865,19.65
2134,CA-2015-122210,11/30/2018,WB-21850,152.99
2135,CA-2015-122210,11/30/2018,WB-21850,10.58
2136,CA-2015-122210,11/30/2018,WB-21850,94.92
2137,CA-2015-156377,12/31/2018,TB-21625,14.76
2138,CA-2015-156377,12/31/2018,TB-21625,3.66
2140,CA-2014-159520,6/6/2017,GT-14635,149.54
2141,CA-2014-159520,6/6/2017,GT-14635,17.14
2142,CA-2014-159520,6/6/2017,GT-14635,991.76
2143,CA-2016-155481,9/1/2019,DK-13225,30.48
2144,CA-2016-155481,9/1/2019,DK-13225,23.99
2145,CA-2016-155481,9/1/2019,DK-13225,16.69
2146,US-2016-152051,6/25/2019,TS-21160,422.06
2147,US-2016-152051,6/25/2019,TS-21160,38.09
2148,US-2016-152051,6/25/2019,TS-21160,254.35
2149,CA-2014-141607,12/12/2017,WB-21850,43.31
2150,CA-2017-102771,3/31/2020,DO-13435,84.95
2152,CA-2014-167360,11/24/2017,RB-19435,111.79
2153,CA-2015-123505,11/22/2018,AR-10540,14.94
2154,CA-2016-117282,7/14/2019,DR-12880,14.16
2155,US-2016-120460,4/30/2019,BF-11170,22.61
2156,CA-2016-111115,7/25/2019,LB-16735,21.48
2157,CA-2014-124646,6/22/2017,DV-13465,501.81
2158,CA-2014-124646,6/22/2017,DV-13465,161.94
2160,CA-2016-159737,9/3/2019,CS-11950,8.81
2161,CA-2016-141019,5/14/2019,LH-17155,79.38
2162,CA-2016-101938,1/7/2019,DW-13480,34.58
2163,CA-2017-166296,3/13/2020,KF-16285,314.55
2164,CA-2016-154018,10/13/2019,HA-14920,191.98
2165,CA-2016-154018,10/13/2019,HA-14920,8.29
2166,CA-2016-154018,10/13/2019,HA-14920,139.92
2167,CA-2016-154018,10/13/2019,HA-14920,15.87
2168,CA-2016-154018,10/13/2019,HA-14920,6.29
2169,CA-2017-117870,1/27/2020,JH-15820,14.02
2170,CA-2017-117870,1/27/2020,JH-15820,71.98
2171,CA-2017-117870,1/27/2020,JH-15820,107.98
2173,CA-2014-152296,8/1/2017,IL-15100,19.75
2174,CA-2016-112025,7/30/2019,LS-16975,9.26
2175,CA-2015-132507,7/30/2018,CC-12610,61.79
2176,CA-2016-125738,10/15/2019,PB-18805,45.68
2177,CA-2016-125738,10/15/2019,PB-18805,60.12
2178,CA-2016-125738,10/15/2019,PB-18805,41.72
2179,CA-2016-125738,10/15/2019,PB-18805,71.60
2180,CA-2016-128818,5/7/2019,CJ-12010,85.23
2181,CA-2016-128818,5/7/2019,CJ-12010,44.40
2182,CA-2016-128818,5/7/2019,CJ-12010,442.76
2183,CA-2016-128818,5/7/2019,CJ-12010,3999.95
2184,CA-2016-128818,5/7/2019,CJ-12010,199.95
2185,CA-2016-128818,5/7/2019,CJ-12010,63.68
2187,CA-2016-101378,7/14/2019,RH-19600,29.00
2191,CA-2016-118913,6/25/2019,AS-10240,60.81
2192,CA-2016-128412,12/10/2019,AP-10915,153.55
2193,CA-2016-128412,12/10/2019,AP-10915,65.34
2194,CA-2016-128412,12/10/2019,AP-10915,123.92
2195,CA-2016-128412,12/10/2019,AP-10915,35.10
2196,CA-2016-128412,12/10/2019,AP-10915,44.75
2197,CA-2016-136483,12/1/2019,AG-10390,4.70
2198,CA-2014-163013,11/28/2017,BF-11080,14.67
2199,CA-2015-135363,3/28/2018,CK-12205,15.55
2200,CA-2015-135363,3/28/2018,CK-12205,5.23
2201,US-2014-165659,6/1/2017,LT-17110,22.20
2202,US-2014-165659,6/1/2017,LT-17110,881.93
2203,CA-2015-138002,9/6/2018,BT-11305,6.10
2204,CA-2015-138002,9/6/2018,BT-11305,191.82
2205,CA-2015-128860,6/29/2018,SC-20725,20.10
2206,CA-2016-164350,9/10/2019,CG-12040,67.56
2207,US-2014-103905,7/14/2017,AW-10930,29.93
2208,US-2014-103905,7/14/2017,AW-10930,38.27
2209,CA-2015-129854,8/22/2018,RB-19705,16.52
2210,CA-2014-125556,11/14/2017,ML-17410,832.93
2211,CA-2014-125556,11/14/2017,ML-17410,43.80
2212,CA-2016-162313,11/27/2019,VB-21745,167.29
2218,CA-2014-151953,9/20/2017,DB-13555,2.82
2219,CA-2017-130841,7/28/2020,MH-17620,9.98
2220,CA-2017-130841,7/28/2020,MH-17620,14.98
2221,CA-2017-130841,7/28/2020,MH-17620,1145.60
2222,CA-2015-131884,12/6/2018,DK-13375,485.94
2223,CA-2015-131884,12/6/2018,DK-13375,37.38
2224,CA-2015-131884,12/6/2018,DK-13375,70.69
2225,CA-2017-121909,7/31/2020,EA-14035,54.82
2226,CA-2016-106383,3/19/2019,BT-11440,72.29
2227,CA-2017-130771,7/29/2020,LA-16780,2.90
2228,CA-2017-130771,7/29/2020,LA-16780,124.79
2229,CA-2016-139157,10/1/2019,GM-14680,330.59
2230,CA-2014-128055,3/31/2017,AA-10315,673.57
2231,CA-2014-128055,3/31/2017,AA-10315,52.98
2232,CA-2017-157091,6/26/2020,DB-13405,526.45
2233,CA-2017-132122,7/9/2020,JH-15820,228.92
2234,CA-2015-123232,12/14/2018,DJ-13630,319.97
2236,CA-2015-145849,9/15/2018,CT-11995,190.86
2237,CA-2015-145849,9/15/2018,CT-11995,24.32
2238,CA-2016-122322,7/15/2019,RH-19510,44.40
2239,CA-2017-166849,4/20/2020,SJ-20125,44.40
2240,CA-2016-146633,11/15/2019,TG-21310,1016.79
2241,CA-2016-146633,11/15/2019,TG-21310,38.14
2242,US-2016-126893,11/26/2019,CT-11995,494.98
2248,CA-2015-116092,2/15/2018,JM-16195,13.36
2249,CA-2015-116092,2/15/2018,JM-16195,41.72
2250,CA-2015-116092,2/15/2018,JM-16195,11.52
2251,CA-2015-116092,2/15/2018,JM-16195,541.44
2252,CA-2015-116092,2/15/2018,JM-16195,19.44
2253,CA-2016-117849,4/15/2019,JK-16120,143.70
2254,CA-2015-169201,9/28/2018,HG-14965,43.26
2255,CA-2015-169201,9/28/2018,HG-14965,43.56
2256,CA-2016-164091,9/17/2019,LA-16780,437.85
2257,CA-2016-164091,9/17/2019,LA-16780,109.48
2258,CA-2017-105214,6/16/2020,TS-21610,1212.96
2259,CA-2017-105214,6/16/2020,TS-21610,18.54
2260,CA-2015-117611,11/8/2018,MZ-17335,5.00
2261,CA-2015-117611,11/8/2018,MZ-17335,371.97
2262,US-2015-137960,12/18/2018,MW-18220,166.24
2263,CA-2017-122994,2/6/2020,MV-17485,359.97
2264,CA-2016-131065,11/14/2019,AA-10375,499.98
2265,CA-2016-131065,11/14/2019,AA-10375,5.28
2266,CA-2016-131065,11/14/2019,AA-10375,8.26
2272,CA-2015-102036,9/21/2018,CS-12130,199.74
2273,CA-2015-142944,3/6/2018,JL-15850,435.26
2274,CA-2015-142944,3/6/2018,JL-15850,1119.98
2275,CA-2014-157882,10/3/2017,AR-10405,143.43
2276,CA-2014-157882,10/3/2017,AR-10405,122.35
2277,CA-2014-104283,6/27/2017,LM-17065,306.20
2278,CA-2014-104283,6/27/2017,LM-17065,85.98
2279,CA-2014-104283,6/27/2017,LM-17065,223.96
2283,CA-2016-132143,9/3/2019,FM-14215,48.16
2284,CA-2015-153108,3/5/2018,SF-20200,23.92
2285,CA-2015-153108,3/5/2018,SF-20200,60.69
2286,CA-2016-112676,5/5/2019,PJ-18835,14.35
2288,US-2017-112928,6/1/2020,BB-10990,17.48
2289,CA-2017-143343,6/10/2020,BW-11200,16.40
2290,CA-2017-115154,1/8/2020,RS-19420,892.98
2291,CA-2015-149342,4/20/2018,TS-21160,287.97
2292,CA-2015-149342,4/20/2018,TS-21160,595.38
2293,CA-2015-149342,4/20/2018,TS-21160,12.96
2294,CA-2015-130995,11/1/2018,QJ-19255,4.95
2296,CA-2015-113145,11/1/2018,VD-21670,13.52
2297,CA-2015-113145,11/1/2018,VD-21670,259.70
2298,CA-2015-113145,11/1/2018,VD-21670,42.95
2299,CA-2015-113145,11/1/2018,VD-21670,1399.93
2300,CA-2015-113145,11/1/2018,VD-21670,503.96
2301,CA-2014-162362,11/14/2017,JL-15505,12.72
2302,CA-2014-162362,11/14/2017,JL-15505,11.52
2303,CA-2016-106558,1/17/2019,DL-13495,316.00
2306,CA-2016-115574,12/23/2019,BP-11185,141.37
2307,CA-2015-160794,8/6/2018,MS-17980,27.22
2309,US-2017-120418,6/11/2020,BC-11125,280.79
2310,US-2017-120418,6/11/2020,BC-11125,68.45
2311,US-2017-120418,6/11/2020,BC-11125,88.04
2312,US-2017-120418,6/11/2020,BC-11125,15.87
2313,US-2017-120418,6/11/2020,BC-11125,215.59
2314,CA-2017-122035,7/20/2020,EM-13825,14.62
2315,CA-2017-122035,7/20/2020,EM-13825,416.32
2316,CA-2017-122035,7/20/2020,EM-13825,43.00
2317,CA-2017-122035,7/20/2020,EM-13825,182.94
2318,CA-2017-122035,7/20/2020,EM-13825,60.83
2319,CA-2017-122035,7/20/2020,EM-13825,389.97
2320,CA-2015-117828,12/23/2018,BD-11500,194.32
2321,CA-2017-165491,3/20/2020,HW-14935,265.93
2322,CA-2015-109470,12/31/2018,KC-16255,94.74
2323,CA-2015-109470,12/31/2018,KC-16255,60.64
2324,CA-2015-109470,12/31/2018,KC-16255,76.30
2325,CA-2015-109470,12/31/2018,KC-16255,364.80
2326,CA-2015-105102,9/15/2018,BM-11575,79.87
2327,CA-2015-105102,9/15/2018,BM-11575,46.38
2328,CA-2015-105102,9/15/2018,BM-11575,12.96
2330,US-2015-147739,12/25/2018,JD-16150,547.14
2331,CA-2016-155187,9/24/2019,LA-16780,41.96
2332,CA-2016-155187,9/24/2019,LA-16780,41.70
2333,CA-2017-169285,3/21/2020,RW-19690,277.40
2334,CA-2017-169285,3/21/2020,RW-19690,5.78
2335,CA-2014-140886,9/30/2017,KW-16570,69.22
2338,CA-2014-110639,8/23/2017,RH-19495,25.92
2339,CA-2014-110639,8/23/2017,RH-19495,45.92
2340,CA-2014-121727,8/19/2017,JK-15625,10.72
2341,CA-2016-137736,11/10/2019,DC-13285,41.86
2342,US-2014-143231,12/31/2017,GM-14455,63.20
2343,US-2014-143231,12/31/2017,GM-14455,113.97
2344,US-2014-155894,7/26/2017,CL-11890,123.55
2345,CA-2016-119025,2/22/2019,PV-18985,490.32
2346,CA-2016-159373,3/13/2019,LT-17110,70.08
2347,CA-2016-159373,3/13/2019,LT-17110,1.27
2348,CA-2016-159373,3/13/2019,LT-17110,557.59
2354,CA-2015-111514,8/31/2018,SC-20260,1552.83
2355,CA-2015-111514,8/31/2018,SC-20260,137.24
2356,CA-2015-111514,8/31/2018,SC-20260,36.51
2357,CA-2015-111514,8/31/2018,SC-20260,239.98
2358,US-2014-148838,3/17/2017,CP-12340,1579.75
2359,US-2014-148838,3/17/2017,CP-12340,1071.58
2360,US-2014-148838,3/17/2017,CP-12340,613.91
2361,US-2014-148838,3/17/2017,CP-12340,34.86
2362,US-2014-148838,3/17/2017,CP-12340,155.04
2363,CA-2017-136497,4/16/2020,RF-19840,13.71
2364,US-2016-108637,3/13/2019,AB-10060,127.88
2365,US-2016-108637,3/13/2019,AB-10060,160.32
2366,US-2016-108637,3/13/2019,AB-10060,46.00
2367,CA-2014-102295,11/24/2017,EH-13990,120.71
2368,CA-2017-123659,2/10/2020,MN-17935,23.12
2369,US-2016-129469,9/23/2019,KL-16555,532.70
2370,US-2016-129469,9/23/2019,KL-16555,4.91
2371,CA-2017-155152,7/7/2020,MP-17965,252.00
2372,CA-2016-159940,7/7/2019,BF-11020,60.29
2373,CA-2016-159940,7/7/2019,BF-11020,2.63
2374,CA-2016-159940,7/7/2019,BF-11020,23.69
2375,CA-2016-159940,7/7/2019,BF-11020,253.37
2376,CA-2017-119669,1/24/2020,TP-21130,5.67
2377,US-2014-164616,8/19/2017,MS-17770,76.78
2378,US-2014-164616,8/19/2017,MS-17770,9.18
2379,CA-2015-148628,12/6/2018,KM-16375,32.75
2380,CA-2016-118052,5/6/2019,BE-11455,7.22
2381,CA-2016-118052,5/6/2019,BE-11455,49.57
2382,CA-2016-118052,5/6/2019,BE-11455,54.71
2383,US-2017-117534,3/25/2020,CV-12295,176.04
2384,US-2017-117534,3/25/2020,CV-12295,16.02
2385,US-2017-117534,3/25/2020,CV-12295,185.92
2386,US-2017-117534,3/25/2020,CV-12295,211.17
2387,US-2017-117534,3/25/2020,CV-12295,479.98
2388,CA-2015-145065,12/12/2018,DK-13375,7.86
2389,CA-2015-145065,12/12/2018,DK-13375,24.45
2390,US-2015-127040,12/6/2018,SG-20605,6.48
2391,US-2015-127040,12/6/2018,SG-20605,41.86
2392,US-2015-127040,12/6/2018,SG-20605,1619.91
2393,US-2015-127040,12/6/2018,SG-20605,113.92
2394,CA-2016-128111,3/17/2019,CS-12355,39.68
2395,CA-2015-137897,11/14/2018,PJ-18835,37.60
2396,CA-2015-137897,11/14/2018,PJ-18835,59.90
2397,CA-2015-137897,11/14/2018,PJ-18835,37.00
2402,CA-2017-145877,4/1/2020,AS-10090,94.20
2403,CA-2017-145877,4/1/2020,AS-10090,28.40
2404,US-2016-110170,9/27/2019,HM-14860,956.66
2408,CA-2017-144589,1/20/2020,TM-21010,24.20
2409,CA-2017-144589,1/20/2020,TM-21010,359.98
2410,CA-2017-155985,3/23/2020,BE-11335,211.84
2411,CA-2014-162684,8/1/2017,AS-10630,5.68
2412,CA-2015-142041,6/7/2018,EM-13810,7.52
2413,CA-2014-151295,11/12/2017,JA-15970,11.96
2414,CA-2014-151295,11/12/2017,JA-15970,629.06
2415,CA-2016-156300,12/29/2019,TB-21595,754.45
2416,CA-2015-146087,7/6/2018,PP-18955,301.96
2419,CA-2016-107202,5/21/2019,LC-16930,2396.40
2422,CA-2016-155551,4/18/2019,CR-12580,230.38
2423,CA-2016-155551,4/18/2019,CR-12580,9.66
2428,CA-2016-169922,6/11/2019,MZ-17515,1.34
2429,CA-2016-169922,6/11/2019,MZ-17515,8.27
2430,CA-2016-169922,6/11/2019,MZ-17515,12.54
2431,CA-2017-100748,5/13/2020,RB-19795,58.48
2433,CA-2014-148586,3/25/2017,AZ-10750,366.79
2434,US-2017-112613,5/28/2020,JH-15910,54.37
2435,CA-2015-154746,11/14/2018,PJ-18835,33.96
2436,CA-2015-154746,11/14/2018,PJ-18835,826.11
2437,CA-2017-140053,7/3/2020,CA-12265,545.85
2438,CA-2014-164210,11/18/2017,PW-19240,145.98
2439,CA-2014-164210,11/18/2017,PW-19240,35.81
2440,CA-2017-139948,7/17/2020,SW-20455,7.90
2441,CA-2016-146934,5/22/2019,AF-10870,345.00
2442,CA-2016-146934,5/22/2019,AF-10870,174.29
2443,CA-2016-146934,5/22/2019,AF-10870,662.84
2444,CA-2016-146934,5/22/2019,AF-10870,95.10
2445,CA-2016-146934,5/22/2019,AF-10870,26.88
2446,CA-2016-146934,5/22/2019,AF-10870,257.98
2447,CA-2015-100573,9/25/2018,AM-10705,17.48
2448,CA-2016-119165,10/31/2019,BD-11320,492.84
2449,CA-2015-128027,9/14/2018,CM-12385,269.49
2450,CA-2016-140207,11/5/2019,CS-12400,29.12
2451,CA-2017-140949,3/17/2020,DB-13405,18.75
2452,CA-2017-140949,3/17/2020,DB-13405,119.70
2453,CA-2017-140949,3/17/2020,DB-13405,9.14
2454,CA-2017-140949,3/17/2020,DB-13405,57.06
2455,CA-2017-140949,3/17/2020,DB-13405,71.60
2456,CA-2017-140949,3/17/2020,DB-13405,107.44
2457,CA-2017-140949,3/17/2020,DB-13405,7.31
2458,CA-2017-140949,3/17/2020,DB-13405,59.10
2459,CA-2017-140949,3/17/2020,DB-13405,46.53
2461,CA-2015-142419,7/11/2018,SC-20380,29.97
2462,CA-2015-142419,7/11/2018,SC-20380,98.35
2467,CA-2017-128755,5/4/2020,MK-18160,9.11
2468,CA-2017-128755,5/4/2020,MK-18160,571.44
2469,CA-2017-128755,5/4/2020,MK-18160,32.40
2470,CA-2017-128755,5/4/2020,MK-18160,16.91
2471,US-2016-135923,1/22/2019,CM-11935,14.27
2472,US-2016-135923,1/22/2019,CM-11935,451.14
2473,US-2016-135923,1/22/2019,CM-11935,64.86
2474,CA-2016-114972,11/3/2019,PF-19225,217.58
2475,CA-2016-114972,11/3/2019,PF-19225,82.95
2476,CA-2016-114972,11/3/2019,PF-19225,87.71
2477,CA-2016-114972,11/3/2019,PF-19225,1101.48
2479,CA-2014-145212,9/13/2017,DC-12850,5.46
2480,CA-2017-141992,6/19/2020,FO-14305,11.18
2481,CA-2017-141992,6/19/2020,FO-14305,153.58
2487,CA-2015-104514,1/2/2018,CB-12535,85.52
2488,CA-2015-104514,1/2/2018,CB-12535,9.84
2489,CA-2015-104514,1/2/2018,CB-12535,20.04
2490,CA-2015-141040,10/9/2018,TB-21250,631.96
2491,CA-2015-141040,10/9/2018,TB-21250,23.92
2492,CA-2014-113579,12/13/2017,KD-16345,90.24
2493,CA-2014-144624,11/19/2017,JM-15865,4548.81
2494,CA-2016-146206,9/10/2019,KT-16480,300.93
2495,CA-2016-146206,9/10/2019,KT-16480,719.96
2496,CA-2014-136644,6/16/2017,SC-20575,647.84
2497,CA-2015-122371,9/26/2018,BS-11800,64.17
2498,CA-2015-122371,9/26/2018,BS-11800,124.46
2499,CA-2016-126935,5/19/2019,BT-11395,9.58
2500,US-2017-133781,6/22/2020,DC-12850,37.61
2501,CA-2017-131618,6/17/2020,LS-17200,12.22
2502,CA-2017-131618,6/17/2020,LS-17200,2.30
2503,CA-2017-131618,6/17/2020,LS-17200,9.36
2504,CA-2016-149482,11/14/2019,RR-19315,7.38
2505,CA-2014-143917,7/25/2017,KL-16645,53.72
2506,CA-2014-143917,7/25/2017,KL-16645,8187.65
2507,CA-2014-143917,7/25/2017,KL-16645,77.92
2508,CA-2015-120397,7/2/2018,RB-19435,32.78
2509,CA-2017-163902,3/2/2020,MY-17380,196.78
2510,CA-2017-163902,3/2/2020,MY-17380,479.94
2511,CA-2016-136812,11/18/2019,AW-10930,1117.92
2512,CA-2015-102722,4/18/2018,KW-16570,106.50
2514,CA-2016-124506,11/11/2019,BB-11545,95.97
2515,CA-2016-124506,11/11/2019,BB-11545,47.99
2516,CA-2014-106572,9/5/2017,NP-18700,264.32
2517,CA-2014-128888,11/15/2017,PB-19105,604.66
2518,CA-2017-123134,5/2/2020,DW-13585,129.93
2519,CA-2016-124352,10/15/2019,CD-12790,20.16
2520,CA-2016-124352,10/15/2019,CD-12790,29.46
2521,CA-2016-124352,10/15/2019,CD-12790,868.59
2522,CA-2016-124352,10/15/2019,CD-12790,12.96
2523,CA-2016-124352,10/15/2019,CD-12790,5.50
2524,CA-2016-124352,10/15/2019,CD-12790,121.60
2525,CA-2015-124541,4/6/2018,TT-21220,42.05
2526,CA-2015-124541,4/6/2018,TT-21220,25.49
2527,CA-2015-124541,4/6/2018,TT-21220,6.90
2528,CA-2015-124541,4/6/2018,TT-21220,9.65
2529,CA-2015-124541,4/6/2018,TT-21220,7.97
2530,CA-2014-108707,10/24/2017,DB-12910,10.37
2531,CA-2014-111500,8/17/2017,DJ-13510,114.20
2532,CA-2014-111500,8/17/2017,DJ-13510,17.96
2533,CA-2014-111500,8/17/2017,DJ-13510,12.67
2534,CA-2014-111500,8/17/2017,DJ-13510,339.96
2536,CA-2015-143238,9/6/2018,LO-17170,46.32
2537,CA-2015-168746,1/27/2018,SV-20365,181.99
2538,CA-2015-168746,1/27/2018,SV-20365,431.98
2539,CA-2015-168746,1/27/2018,SV-20365,155.37
2540,CA-2015-113404,7/16/2018,EM-13810,1348.70
2541,CA-2015-113404,7/16/2018,EM-13810,700.15
2542,CA-2016-144792,4/30/2019,KD-16615,111.89
2543,CA-2014-164385,9/26/2017,NB-18580,143.95
2544,US-2016-114174,9/8/2019,AP-10720,173.94
2545,US-2016-114174,9/8/2019,AP-10720,14.76
2546,CA-2017-108070,4/16/2020,JE-15745,205.92
2547,CA-2017-108070,4/16/2020,JE-15745,102.83
2548,US-2015-128090,8/16/2018,JM-15865,2.30
2549,US-2015-128090,8/16/2018,JM-15865,1879.96
2550,US-2015-128090,8/16/2018,JM-15865,313.02
2551,US-2015-128090,8/16/2018,JM-15865,5.04
2554,CA-2016-155439,9/14/2019,PN-18775,25.92
2555,CA-2016-118626,8/15/2019,JC-15775,705.54
2556,CA-2015-111458,9/26/2018,PF-19165,50.00
2557,US-2016-126844,10/8/2019,BW-11110,51.71
2558,US-2015-112508,3/24/2018,BP-11185,6.99
2559,CA-2015-147788,5/31/2018,TM-21010,1406.86
2560,CA-2015-147788,5/31/2018,TM-21010,15.75
2561,CA-2015-147788,5/31/2018,TM-21010,323.10
2562,CA-2015-144288,12/25/2018,MB-17305,9.22
2563,CA-2015-144288,12/25/2018,MB-17305,10.37
2564,CA-2015-110632,3/17/2018,HR-14830,15.02
2565,CA-2015-110632,3/17/2018,HR-14830,33.82
2572,CA-2017-109778,7/16/2020,VM-21685,2.91
2573,CA-2016-155845,8/12/2019,CM-12235,1399.94
2574,CA-2017-145128,7/9/2020,SM-20320,526.45
2575,CA-2014-129091,11/22/2017,RA-19885,16.23
2576,CA-2014-129091,11/22/2017,RA-19885,319.90
2577,CA-2014-129091,11/22/2017,RA-19885,11.36
2578,CA-2014-129091,11/22/2017,RA-19885,675.12
2579,US-2014-155502,1/26/2017,SD-20485,62.82
2580,US-2014-155502,1/26/2017,SD-20485,489.92
2581,US-2014-155502,1/26/2017,SD-20485,19.44
2582,US-2014-155502,1/26/2017,SD-20485,16.68
2583,US-2014-155502,1/26/2017,SD-20485,155.35
2584,US-2014-155502,1/26/2017,SD-20485,12.42
2585,US-2014-155502,1/26/2017,SD-20485,187.98
2586,CA-2015-121041,11/3/2018,CS-12250,6.61
2587,CA-2017-131695,6/30/2020,RA-19285,248.57
2588,CA-2017-131695,6/30/2020,RA-19285,22.23
2589,CA-2016-137729,5/5/2019,BF-11005,5.98
2590,CA-2016-137729,5/5/2019,BF-11005,246.17
2591,US-2016-115455,9/8/2019,SE-20110,14.14
2592,US-2016-115455,9/8/2019,SE-20110,601.47
2595,CA-2017-149048,5/13/2020,BM-11650,180.96
2596,CA-2017-149048,5/13/2020,BM-11650,914.97
2597,CA-2017-149048,5/13/2020,BM-11650,587.97
2598,CA-2017-149048,5/13/2020,BM-11650,530.34
2599,CA-2017-149048,5/13/2020,BM-11650,14.94
2600,CA-2017-108553,4/23/2020,SK-19990,121.94
2601,CA-2017-108553,4/23/2020,SK-19990,122.71
2602,CA-2016-165848,6/4/2019,EN-13780,14.94
2603,CA-2016-165848,6/4/2019,EN-13780,1349.85
2604,CA-2016-165848,6/4/2019,EN-13780,136.78
2605,CA-2016-165848,6/4/2019,EN-13780,61.12
2606,CA-2014-112718,12/16/2017,KN-16450,1.17
2607,CA-2016-154053,3/4/2019,MG-17890,16.99
2608,CA-2014-127446,11/25/2017,MC-17590,24.67
2609,CA-2014-127446,11/25/2017,MC-17590,2.52
2610,CA-2014-127446,11/25/2017,MC-17590,1218.73
2611,CA-2014-127446,11/25/2017,MC-17590,5.90
2612,CA-2014-127446,11/25/2017,MC-17590,15.70
2613,CA-2014-127446,11/25/2017,MC-17590,6.10
2614,CA-2016-137204,4/28/2019,BO-11350,41.57
2615,CA-2014-147298,4/26/2017,AG-10300,230.28
2616,CA-2014-147298,4/26/2017,AG-10300,18.29
2617,CA-2017-147942,4/1/2020,MS-17365,5.78
2618,CA-2017-147942,4/1/2020,MS-17365,121.68
2623,CA-2014-164861,12/3/2017,MC-17635,25.92
2631,CA-2015-168186,9/10/2018,AB-10150,14.94
2632,US-2017-110604,5/15/2020,JF-15295,39.96
2633,US-2017-110604,5/15/2020,JF-15295,42.62
2634,US-2017-110604,5/15/2020,JF-15295,220.96
2635,CA-2015-116750,7/5/2018,BF-10975,4.93
2636,CA-2015-116750,7/5/2018,BF-10975,7.23
2637,CA-2015-162369,8/15/2018,TT-21265,323.10
2638,CA-2017-108441,6/12/2020,SB-20170,19.04
2639,CA-2017-108441,6/12/2020,SB-20170,13.13
2640,CA-2017-108441,6/12/2020,SB-20170,64.14
2641,CA-2017-108441,6/12/2020,SB-20170,858.24
2642,CA-2015-169740,2/20/2018,LM-17065,29.99
2643,CA-2016-124051,12/29/2019,KA-16525,186.05
2644,CA-2016-149111,4/17/2019,BF-11170,36.79
2645,CA-2016-149111,4/17/2019,BF-11170,18.62
2646,CA-2014-131002,9/7/2017,TB-21400,57.69
2647,CA-2014-131002,9/7/2017,TB-21400,42.81
2648,CA-2014-131002,9/7/2017,TB-21400,12.96
2649,CA-2014-131002,9/7/2017,TB-21400,821.88
2650,CA-2014-131002,9/7/2017,TB-21400,104.85
2651,US-2016-146794,9/26/2019,SH-19975,424.96
2659,CA-2016-150343,8/16/2019,PK-19075,10.86
2660,CA-2015-135538,12/24/2018,HR-14830,883.84
2663,CA-2017-159604,4/14/2020,CL-12700,8.76
2664,CA-2016-164784,5/1/2019,HF-14995,3.98
2665,CA-2016-164784,5/1/2019,HF-14995,370.62
2666,CA-2016-164784,5/1/2019,HF-14995,2.74
2667,CA-2016-111794,10/1/2019,HG-15025,79.51
2668,CA-2016-111794,10/1/2019,HG-15025,28.35
2669,US-2015-139759,8/25/2018,NL-18310,40.78
2670,US-2015-139759,8/25/2018,NL-18310,105.96
2671,CA-2014-126403,9/9/2017,RR-19525,166.44
2672,CA-2014-126403,9/9/2017,RR-19525,785.88
2673,CA-2014-126403,9/9/2017,RR-19525,26.20
2674,CA-2014-126403,9/9/2017,RR-19525,1325.85
2678,US-2014-160780,6/21/2017,SV-20785,11.09
2679,US-2014-160780,6/21/2017,SV-20785,25.16
2680,CA-2017-127026,1/21/2020,MH-18115,14.40
2681,CA-2017-127026,1/21/2020,MH-18115,619.95
2682,CA-2017-127026,1/21/2020,MH-18115,89.52
2683,CA-2017-127026,1/21/2020,MH-18115,350.97
2684,CA-2017-127026,1/21/2020,MH-18115,164.99
2685,CA-2017-137085,6/29/2020,CT-11995,312.55
2686,CA-2016-133123,9/6/2019,KB-16315,95.95
2687,CA-2016-133123,9/6/2019,KB-16315,3.20
2688,US-2016-128195,8/4/2019,RA-19285,3.98
2689,CA-2015-153220,11/12/2018,YC-21895,15.70
2690,CA-2014-123064,6/30/2017,RA-19915,5.25
2692,US-2016-144211,8/28/2019,CS-12130,15.48
2693,US-2016-144211,8/28/2019,CS-12130,108.58
2694,CA-2016-138079,1/22/2019,AJ-10795,109.90
2695,CA-2014-143182,10/15/2017,DL-12865,15.38
2696,CA-2016-161662,2/7/2019,BE-11410,30.35
2697,CA-2014-145317,3/18/2017,SM-20320,821.30
2698,CA-2014-145317,3/18/2017,SM-20320,22638.48
2699,CA-2014-145317,3/18/2017,SM-20320,21.38
2700,CA-2014-145317,3/18/2017,SM-20320,8.02
2701,CA-2014-145317,3/18/2017,SM-20320,30.77
2702,CA-2014-145317,3/18/2017,SM-20320,18.94
2703,CA-2014-145317,3/18/2017,SM-20320,122.35
2704,CA-2014-143413,5/24/2017,RP-19390,116.28
2705,CA-2017-156818,7/11/2020,JD-16015,132.60
2706,CA-2017-155873,6/16/2020,AB-10255,16.68
2707,CA-2017-155873,6/16/2020,AB-10255,19.44
2708,CA-2017-155873,6/16/2020,AB-10255,192.16
2709,CA-2015-121797,1/30/2018,CC-12145,227.36
2710,CA-2015-121797,1/30/2018,CC-12145,1919.98
2711,US-2015-120572,12/11/2018,GH-14425,12.83
2713,CA-2017-146031,7/29/2020,GM-14440,60.12
2714,CA-2014-110100,4/25/2017,LC-16885,302.38
2715,CA-2015-103723,12/1/2018,BT-11305,13.90
2716,CA-2014-127187,12/4/2017,CP-12085,129.98
2718,CA-2014-100006,9/7/2017,DK-13375,377.97
2720,CA-2014-110030,12/6/2017,LF-17185,23.98
2721,CA-2014-121286,11/4/2017,ON-18715,8.38
2722,CA-2014-121286,11/4/2017,ON-18715,58.24
2723,CA-2016-164735,4/14/2019,TB-21400,81.20
2724,CA-2014-153479,10/4/2017,DF-13135,14.45
2725,CA-2014-153479,10/4/2017,DF-13135,95.65
2730,CA-2017-104801,2/13/2020,FH-14350,6.63
2731,CA-2017-104801,2/13/2020,FH-14350,799.96
2732,CA-2017-104801,2/13/2020,FH-14350,107.53
2733,CA-2014-107594,7/2/2017,EH-13945,73.98
2734,CA-2014-107594,7/2/2017,EH-13945,5.58
2735,CA-2015-129770,2/21/2018,JE-15715,49.12
2736,CA-2015-115798,11/13/2018,KL-16645,377.97
2737,CA-2015-115798,11/13/2018,KL-16645,42.28
2738,CA-2015-115798,11/13/2018,KL-16645,299.97
2739,CA-2015-115798,11/13/2018,KL-16645,89.98
2740,CA-2017-122707,4/16/2020,EB-13750,477.24
2741,CA-2017-122707,4/16/2020,EB-13750,25.98
2742,CA-2016-165015,2/25/2019,BD-11725,46.72
2743,CA-2014-149244,11/4/2017,MS-17530,35.34
2744,CA-2015-140144,6/20/2018,SC-20770,257.64
2745,CA-2015-140144,6/20/2018,SC-20770,125.98
2747,CA-2014-155887,5/12/2017,KT-16480,700.06
2748,US-2015-165449,11/22/2018,AP-10720,27.17
2749,CA-2015-110247,12/4/2018,RH-19555,8.23
2750,US-2014-141257,6/8/2017,CS-11950,585.55
2751,CA-2014-154669,8/8/2017,TM-21010,423.28
2752,CA-2014-158029,5/26/2017,HF-14995,225.30
2753,CA-2015-155306,4/17/2018,GA-14515,5.56
2754,CA-2015-155306,4/17/2018,GA-14515,323.37
2755,CA-2015-155306,4/17/2018,GA-14515,783.96
2756,CA-2015-155306,4/17/2018,GA-14515,1447.65
2757,CA-2015-155306,4/17/2018,GA-14515,11.96
2758,CA-2016-127775,6/11/2019,ES-14020,239.97
2759,CA-2016-146171,3/11/2019,JP-16135,76.92
2760,CA-2016-146171,3/11/2019,JP-16135,481.32
2761,CA-2014-129574,5/26/2017,Dp-13240,48.40
2764,CA-2017-165757,6/22/2020,PL-18925,10.33
2765,CA-2017-165757,6/22/2020,PL-18925,31.16
2766,CA-2017-165757,6/22/2020,PL-18925,8.93
2767,CA-2017-167752,1/15/2020,RW-19690,34.38
2768,CA-2017-167752,1/15/2020,RW-19690,1924.16
2769,US-2015-122140,4/2/2018,MO-17950,32.19
2770,US-2015-122140,4/2/2018,MO-17950,50.12
2771,US-2015-122140,4/2/2018,MO-17950,47.98
2772,CA-2016-163986,9/3/2019,JJ-15445,54.50
2774,CA-2016-131576,11/22/2019,RD-19585,49.44
2776,CA-2016-144729,10/21/2019,JE-15745,154.44
2777,CA-2015-127019,12/21/2018,ER-13855,60.98
2778,CA-2015-138534,7/17/2018,JM-15535,195.47
2779,CA-2017-108322,4/30/2020,SS-20140,23.68
2780,CA-2017-108322,4/30/2020,SS-20140,2.38
2781,CA-2017-167668,5/6/2020,TC-21295,59.20
2783,CA-2016-139878,11/11/2019,LD-17005,257.98
2784,US-2016-106677,11/5/2019,AS-10285,23.99
2785,CA-2016-116974,10/9/2019,MP-17965,23.98
2786,CA-2015-149972,9/21/2018,CD-12790,601.54
2787,CA-2015-149972,9/21/2018,CD-12790,7.90
2788,US-2014-117744,12/2/2017,MD-17860,58.36
2789,US-2014-117744,12/2/2017,MD-17860,16.46
2790,US-2014-117744,12/2/2017,MD-17860,39.96
2791,CA-2014-125514,9/21/2017,BM-11650,25.96
2792,CA-2014-125514,9/21/2017,BM-11650,36.27
2793,CA-2014-125514,9/21/2017,BM-11650,6.48
2794,CA-2014-154599,4/12/2017,KN-16450,1075.09
2795,CA-2014-154599,4/12/2017,KN-16450,438.37
2796,CA-2014-154599,4/12/2017,KN-16450,18.09
2797,CA-2014-154599,4/12/2017,KN-16450,308.50
2801,CA-2016-153318,10/25/2019,JS-15595,783.96
2802,US-2015-110163,11/1/2018,GA-14725,7.88
2804,CA-2015-159380,5/12/2018,CS-12505,12.84
2805,CA-2015-159380,5/12/2018,CS-12505,25.68
2806,CA-2015-122623,9/7/2018,CC-12145,47.52
2807,CA-2015-148635,7/25/2018,MH-18025,9.42
2808,CA-2015-148635,7/25/2018,MH-18025,12.96
2809,CA-2015-148635,7/25/2018,MH-18025,704.90
2810,CA-2015-148635,7/25/2018,MH-18025,561.57
2811,CA-2015-135685,11/16/2018,MP-18175,179.82
2812,CA-2015-135685,11/16/2018,MP-18175,185.58
2813,CA-2015-135685,11/16/2018,MP-18175,214.11
2814,CA-2015-135685,11/16/2018,MP-18175,999.96
2815,CA-2015-135685,11/16/2018,MP-18175,653.55
2816,CA-2015-104626,9/1/2018,DR-12940,114.60
2817,CA-2015-104626,9/1/2018,DR-12940,60.74
2818,CA-2015-104626,9/1/2018,DR-12940,124.36
2819,CA-2015-104626,9/1/2018,DR-12940,1088.76
2820,CA-2016-160500,5/5/2019,DM-13015,6.72
2821,CA-2016-160500,5/5/2019,DM-13015,298.78
2822,CA-2017-100202,12/31/2019,BD-11620,302.38
2825,US-2014-112914,9/25/2017,MT-18070,33.79
2826,US-2014-112914,9/25/2017,MT-18070,300.53
2827,US-2014-112914,9/25/2017,MT-18070,2.72
2828,US-2014-112914,9/25/2017,MT-18070,3.26
2829,CA-2016-124149,4/23/2019,MJ-17740,108.34
2830,CA-2016-124149,4/23/2019,MJ-17740,55.92
2831,CA-2016-124149,4/23/2019,MJ-17740,78.30
2832,CA-2014-148915,11/1/2017,ND-18370,443.92
2833,CA-2014-148915,11/1/2017,ND-18370,155.98
2834,CA-2017-134649,1/26/2020,CA-11965,15.47
2835,CA-2017-134649,1/26/2020,CA-11965,7.16
2839,CA-2016-147368,6/9/2019,TC-21295,695.70
2840,US-2015-104185,9/3/2018,JB-15400,120.33
2841,US-2014-125521,3/14/2017,CK-12325,1139.92
2843,CA-2017-135650,3/23/2020,AC-10660,143.73
2844,CA-2017-112865,5/18/2020,BH-11710,36.05
2845,US-2016-162852,12/27/2019,BG-11695,845.49
2848,CA-2017-157854,4/8/2020,DM-13345,56.28
2849,CA-2017-157854,4/8/2020,DM-13345,2690.97
2850,CA-2016-123617,11/28/2019,AJ-10780,7.43
2851,US-2016-128293,6/2/2019,KC-16255,64.78
2853,CA-2016-136371,3/19/2019,SV-20935,14.98
2854,CA-2016-136371,3/19/2019,SV-20935,20.32
2856,CA-2017-169810,7/25/2020,RB-19360,20.23
2857,CA-2016-128594,8/26/2019,DJ-13510,1603.14
2858,CA-2016-154690,8/15/2019,CC-12370,225.30
2859,CA-2017-138975,5/19/2020,SC-20380,67.80
2860,CA-2017-138975,5/19/2020,SC-20380,377.97
2861,CA-2017-138975,5/19/2020,SC-20380,1628.82
2862,CA-2017-138975,5/19/2020,SC-20380,286.93
2868,CA-2016-115588,11/10/2019,AF-10885,14.72
2869,CA-2016-115588,11/10/2019,AF-10885,38.98
2870,CA-2017-143861,6/12/2020,LC-16885,17.09
2871,CA-2014-148040,3/22/2017,BF-11275,74.35
2872,CA-2014-148040,3/22/2017,BF-11275,314.35
2873,CA-2017-135167,6/15/2020,SC-20800,4.26
2876,US-2016-167339,1/21/2019,TD-20995,153.57
2877,US-2016-167339,1/21/2019,TD-20995,1013.49
2878,CA-2016-152072,1/15/2019,Dp-13240,52.34
2879,CA-2016-152072,1/15/2019,Dp-13240,4.66
2880,CA-2016-152072,1/15/2019,Dp-13240,254.97
2881,CA-2016-102932,9/19/2019,SD-20485,25.44
2882,CA-2016-102932,9/19/2019,SD-20485,27.93
2883,CA-2014-165540,2/21/2017,TM-21010,8.85
2884,CA-2016-130799,11/11/2019,BK-11260,6.96
2885,CA-2016-164483,1/30/2019,JF-15490,17.46
2886,US-2016-159856,10/18/2019,EP-13915,307.92
2891,CA-2014-142727,4/29/2017,HG-14845,51.96
2892,CA-2014-142727,4/29/2017,HG-14845,17.94
2897,CA-2014-169033,3/30/2017,KM-16720,49.65
2898,US-2016-164630,1/4/2019,EB-13975,959.97
2899,US-2015-114839,4/26/2018,PW-19240,408.42
2900,CA-2015-166464,9/12/2018,PG-18895,479.98
2901,CA-2015-166464,9/12/2018,PG-18895,12.60
2903,CA-2016-164035,6/12/2019,CR-12730,23.12
2904,CA-2016-153577,6/27/2019,KH-16330,37.46
2905,CA-2016-153577,6/27/2019,KH-16330,539.66
2906,CA-2014-127586,9/26/2017,CS-12400,310.12
2910,CA-2017-166415,2/19/2020,ME-17725,11.22
2911,CA-2015-118444,11/5/2018,VD-21670,387.14
2912,CA-2014-113929,6/16/2017,CK-12205,41.40
2913,CA-2014-113929,6/16/2017,CK-12205,35.00
2914,CA-2014-113929,6/16/2017,CK-12205,39.55
2915,CA-2015-134747,10/12/2018,DL-12925,135.72
2916,CA-2015-134747,10/12/2018,DL-12925,12.56
2917,CA-2015-134747,10/12/2018,DL-12925,263.96
2919,CA-2016-160129,11/23/2019,LS-17200,15.80
2920,CA-2016-160129,11/23/2019,LS-17200,14.37
2921,CA-2016-160129,11/23/2019,LS-17200,70.45
2922,CA-2017-164329,1/30/2020,MM-17920,129.30
2923,US-2015-141453,11/30/2018,DB-13270,3.88
2924,CA-2014-156993,6/28/2017,RW-19630,6.08
2925,CA-2014-157721,9/2/2017,JM-16195,19.90
2926,CA-2014-157721,9/2/2017,JM-16195,70.71
2927,CA-2017-128629,7/10/2020,BP-11155,18.84
2928,CA-2017-158106,6/4/2020,CT-11995,8.64
2931,CA-2015-168564,8/8/2018,TT-21220,6.61
2932,CA-2015-168564,8/8/2018,TT-21220,7.28
2933,CA-2015-168564,8/8/2018,TT-21220,144.78
2934,US-2016-169040,12/6/2019,GT-14710,156.79
2935,US-2016-169040,12/6/2019,GT-14710,431.98
2936,US-2016-169040,12/6/2019,GT-14710,35.89
2937,US-2016-169040,12/6/2019,GT-14710,47.21
2938,US-2016-169040,12/6/2019,GT-14710,248.08
2939,US-2016-169040,12/6/2019,GT-14710,189.70
2940,US-2016-169040,12/6/2019,GT-14710,59.81
2941,CA-2017-155880,3/25/2020,JD-16150,90.99
2942,CA-2017-155880,3/25/2020,JD-16150,1526.56
2943,CA-2017-155880,3/25/2020,JD-16150,368.97
2946,CA-2016-166443,11/4/2019,LH-17020,38.29
2956,CA-2016-153353,8/18/2019,GG-14650,39.99
2957,CA-2017-123638,6/27/2020,MA-17995,191.65
2958,CA-2017-168900,5/4/2020,SH-20395,2.31
2959,CA-2015-158456,12/24/2018,KT-16465,19.94
2960,CA-2015-158456,12/24/2018,KT-16465,45.92
2961,CA-2017-143665,4/26/2020,PO-19180,20.34
2962,CA-2017-143665,4/26/2020,PO-19180,39.28
2967,CA-2014-162866,12/27/2017,Co-12640,32.95
2968,CA-2014-162866,12/27/2017,Co-12640,30.02
2975,CA-2015-137512,5/7/2018,AG-10675,244.01
2976,CA-2015-137512,5/7/2018,AG-10675,15.94
2979,CA-2014-109232,1/13/2017,ND-18370,545.94
2980,CA-2015-139850,6/12/2018,GB-14575,20.74
2981,CA-2015-139850,6/12/2018,GB-14575,43.30
2982,CA-2014-131310,7/12/2017,CL-12565,123.14
2983,CA-2014-131310,7/12/2017,CL-12565,11.26
2984,US-2014-112872,12/6/2017,RC-19960,53.42
2985,US-2014-112872,12/6/2017,RC-19960,275.49
2986,CA-2016-139269,5/25/2019,JB-16045,24.96
2987,CA-2016-139269,5/25/2019,JB-16045,19.36
2988,CA-2016-139269,5/25/2019,JB-16045,1267.65
2989,CA-2016-139010,2/21/2019,MC-17635,12.99
2990,CA-2016-139010,2/21/2019,MC-17635,18.56
2991,CA-2016-139010,2/21/2019,MC-17635,449.15
2992,CA-2016-139010,2/21/2019,MC-17635,31.25
2993,CA-2016-134376,10/2/2019,TT-21265,61.44
2994,CA-2017-147291,3/11/2020,MJ-17740,895.92
2995,CA-2016-112893,9/9/2019,AT-10735,55.36
2996,US-2014-150532,7/14/2017,PB-19150,55.92
2997,CA-2014-138317,6/21/2017,NW-18400,24.90
2998,CA-2014-138317,6/21/2017,NW-18400,3.98
2999,CA-2014-138317,6/21/2017,NW-18400,95.97
3000,CA-2014-138317,6/21/2017,NW-18400,206.99
3001,CA-2014-138317,6/21/2017,NW-18400,44.42
3002,CA-2014-138317,6/21/2017,NW-18400,9.01
3003,CA-2015-130610,7/5/2018,VP-21730,19.00
3005,CA-2016-131499,9/8/2019,MG-17875,207.48
3006,CA-2014-148761,5/17/2017,PA-19060,91.68
3008,CA-2014-130729,10/24/2017,AA-10375,34.27
3009,CA-2016-124772,12/5/2019,JG-15160,191.82
3010,CA-2016-115525,7/25/2019,RR-19525,243.88
3011,CA-2017-134845,4/17/2020,SR-20425,12.03
3012,CA-2017-134845,4/17/2020,SR-20425,2549.99
3013,CA-2017-134845,4/17/2020,SR-20425,21.59
3014,CA-2017-134845,4/17/2020,SR-20425,8.96
3015,CA-2017-134845,4/17/2020,SR-20425,20.74
3016,US-2015-138919,9/17/2018,LS-16975,344.22
3017,US-2016-160528,8/23/2019,MH-18115,727.30
3018,US-2016-160528,8/23/2019,MH-18115,22.61
3019,US-2016-160528,8/23/2019,MH-18115,666.40
3020,CA-2015-123568,11/8/2018,SC-20095,5.04
3021,CA-2015-123568,11/8/2018,SC-20095,92.94
3022,CA-2015-123568,11/8/2018,SC-20095,66.69
3023,CA-2015-123568,11/8/2018,SC-20095,91.68
3025,CA-2015-164441,11/8/2018,AC-10450,52.27
3026,CA-2015-164441,11/8/2018,AC-10450,17.94
3027,CA-2017-169054,4/22/2020,MO-17800,254.35
3028,CA-2014-106719,8/24/2017,RB-19645,8.29
3030,US-2016-164189,3/24/2019,DR-12880,403.17
3031,CA-2015-168480,9/21/2018,DM-12955,194.32
3032,CA-2015-168480,9/21/2018,DM-12955,25.99
3033,US-2016-114293,11/21/2019,JH-16180,195.14
3035,US-2015-123960,6/11/2018,BD-11605,53.70
3036,US-2015-123960,6/11/2018,BD-11605,36.26
3037,US-2015-123960,6/11/2018,BD-11605,56.30
3038,US-2015-123960,6/11/2018,BD-11605,32.40
3039,US-2015-123960,6/11/2018,BD-11605,29.16
3041,US-2016-147991,5/5/2019,ZD-21925,16.72
3045,CA-2015-135174,4/30/2018,BP-11230,1022.97
3048,CA-2014-137351,9/30/2017,DB-13615,43.18
3049,CA-2017-121419,4/2/2020,TC-21475,411.80
3050,CA-2017-121419,4/2/2020,TC-21475,360.00
3054,CA-2016-128517,4/9/2019,SW-20350,517.90
3055,CA-2016-128517,4/9/2019,SW-20350,5.28
3056,US-2015-100377,8/28/2018,TS-21370,2799.96
3061,CA-2016-144554,11/7/2019,DM-13345,119.98
3062,CA-2017-127621,3/3/2020,RE-19450,26.88
3063,CA-2015-145184,11/27/2018,JD-16150,83.97
3064,CA-2015-145184,11/27/2018,JD-16150,104.97
3065,CA-2017-106859,3/13/2020,BF-11215,90.80
3066,CA-2017-106859,3/13/2020,BF-11215,140.74
3067,CA-2017-106859,3/13/2020,BF-11215,214.95
3068,CA-2017-106859,3/13/2020,BF-11215,45.36
3069,CA-2017-106859,3/13/2020,BF-11215,288.24
3071,CA-2014-119375,11/17/2017,YC-21895,2934.33
3072,CA-2014-119375,11/17/2017,YC-21895,124.41
3073,CA-2014-119375,11/17/2017,YC-21895,57.75
3074,CA-2016-125206,1/3/2019,LR-16915,114.46
3075,CA-2015-126137,10/3/2018,BS-11755,120.67
3076,CA-2014-143903,7/20/2017,KM-16375,342.86
3077,CA-2014-143903,7/20/2017,KM-16375,16.74
3078,CA-2014-143903,7/20/2017,KM-16375,981.37
3079,CA-2014-104780,5/21/2017,BT-11530,31.84
3082,US-2017-132297,5/27/2020,DW-13480,58.34
3083,US-2017-132297,5/27/2020,DW-13480,539.97
3084,CA-2014-100328,1/28/2017,JC-15340,3.93
3085,CA-2017-118773,2/9/2020,TP-21415,252.78
3086,CA-2017-118773,2/9/2020,TP-21415,127.98
3087,CA-2017-118773,2/9/2020,TP-21415,3.98
3088,CA-2017-118773,2/9/2020,TP-21415,12.99
3089,US-2017-159205,3/31/2020,DB-12910,61.00
3090,US-2017-159205,3/31/2020,DB-12910,671.93
3091,CA-2016-112123,3/3/2019,BH-11710,447.86
3092,CA-2016-112123,3/3/2019,BH-11710,479.95
3093,CA-2016-112123,3/3/2019,BH-11710,166.44
3094,CA-2015-114468,8/23/2018,TD-20995,31.68
3095,CA-2015-114468,8/23/2018,TD-20995,10.37
3096,CA-2015-114468,8/23/2018,TD-20995,12.03
3097,CA-2015-114468,8/23/2018,TD-20995,5.77
3098,CA-2017-135692,4/27/2020,CV-12805,33.12
3099,CA-2017-135692,4/27/2020,CV-12805,220.27
3100,CA-2017-131233,4/14/2020,CS-12355,10.78
3101,CA-2017-131233,4/14/2020,CS-12355,242.35
3104,CA-2016-124562,12/8/2019,JP-16135,12.96
3105,US-2017-140074,3/23/2020,EC-14050,25.68
3106,CA-2016-103037,7/25/2019,KH-16630,15.71
3107,CA-2017-127460,7/10/2020,FG-14260,298.46
3108,CA-2016-121671,7/17/2019,AA-10480,21.93
3109,CA-2016-121671,7/17/2019,AA-10480,242.94
3110,CA-2016-121671,7/17/2019,AA-10480,7.64
3111,CA-2016-121671,7/17/2019,AA-10480,51.84
3112,CA-2016-121671,7/17/2019,AA-10480,265.17
3113,CA-2016-150350,8/23/2019,MS-17770,837.60
3114,CA-2016-150350,8/23/2019,MS-17770,135.90
3115,CA-2016-150350,8/23/2019,MS-17770,34.68
3116,CA-2016-150350,8/23/2019,MS-17770,532.70
3117,CA-2016-150350,8/23/2019,MS-17770,43.10
3118,CA-2016-150350,8/23/2019,MS-17770,15.88
3119,CA-2015-121720,6/11/2018,JE-15610,1123.92
3120,CA-2015-121720,6/11/2018,JE-15610,249.58
3121,CA-2015-121720,6/11/2018,JE-15610,48.67
3122,CA-2015-121720,6/11/2018,JE-15610,60.77
3123,CA-2015-121720,6/11/2018,JE-15610,78.60
3124,CA-2015-121720,6/11/2018,JE-15610,3.77
3125,CA-2015-121720,6/11/2018,JE-15610,1036.62
3126,CA-2015-121720,6/11/2018,JE-15610,563.81
3129,CA-2014-136399,12/16/2017,CC-12100,44.46
3130,CA-2014-136399,12/16/2017,CC-12100,241.57
3131,CA-2014-136399,12/16/2017,CC-12100,395.00
3132,CA-2014-136399,12/16/2017,CC-12100,627.17
3133,CA-2014-107916,8/24/2017,JP-15460,13.28
3134,CA-2014-107916,8/24/2017,JP-15460,12.67
3141,CA-2015-112557,4/25/2018,JL-15850,206.43
3142,US-2014-122959,12/12/2017,CY-12745,210.39
3145,US-2016-148110,9/5/2019,AR-10825,347.80
3146,CA-2017-131828,2/11/2020,CS-11845,963.14
3147,CA-2017-131828,2/11/2020,CS-11845,88.78
3148,CA-2014-109218,6/30/2017,AR-10825,32.40
3149,CA-2016-120558,6/7/2019,RD-19810,32.40
3150,US-2014-109036,12/20/2017,KH-16510,31.05
3151,CA-2015-147830,12/15/2018,NF-18385,2025.36
3152,CA-2015-147830,12/15/2018,NF-18385,1799.99
3153,CA-2015-147830,12/15/2018,NF-18385,101.99
3154,CA-2015-147830,12/15/2018,NF-18385,262.86
3155,CA-2017-150497,7/20/2020,SM-20950,735.98
3156,CA-2014-128986,8/3/2017,GH-14410,93.02
3157,CA-2015-139584,8/24/2018,EM-13810,284.36
3158,CA-2015-139584,8/24/2018,EM-13810,26.00
3159,US-2016-162677,3/26/2019,DB-13210,67.64
3160,US-2016-162677,3/26/2019,DB-13210,119.98
3161,US-2014-150924,9/12/2017,PT-19090,5.18
3162,CA-2014-153969,9/21/2017,HF-14995,15.56
3163,CA-2014-153969,9/21/2017,HF-14995,78.35
3164,CA-2014-153969,9/21/2017,HF-14995,59.52
3165,CA-2014-153969,9/21/2017,HF-14995,38.52
3166,CA-2014-153969,9/21/2017,HF-14995,239.98
3167,CA-2014-153969,9/21/2017,HF-14995,19.35
3168,CA-2016-146682,10/29/2019,KW-16435,67.00
3169,CA-2016-138695,5/28/2019,KC-16675,390.27
3170,CA-2016-138695,5/28/2019,KC-16675,62.19
3172,US-2016-133879,3/21/2019,KT-16465,3.17
3173,US-2016-133879,3/21/2019,KT-16465,528.43
3174,US-2016-133879,3/21/2019,KT-16465,13.39
3186,CA-2014-123498,11/7/2017,TC-20980,26.05
3187,CA-2014-123498,11/7/2017,TC-20980,74.35
3188,CA-2017-159352,3/12/2020,KB-16585,69.93
3191,US-2015-163783,12/27/2018,DR-12940,12.67
3193,CA-2017-158953,6/4/2020,ML-18040,6.37
3194,CA-2014-165428,9/1/2017,JL-15130,3.65
3195,CA-2014-165428,9/1/2017,JL-15130,31.10
3196,CA-2016-169026,8/8/2019,CM-12655,23.34
3197,CA-2017-109750,7/22/2020,FH-14365,29.97
3198,CA-2015-149384,7/10/2018,EH-13945,3.37
3199,CA-2014-131527,12/1/2017,TB-21280,95.97
3201,CA-2014-164224,5/18/2017,TT-21070,149.23
3202,CA-2014-164224,5/18/2017,TT-21070,15.94
3203,CA-2014-158372,11/10/2017,RD-19900,601.54
3204,CA-2014-158372,11/10/2017,RD-19900,10.99
3205,CA-2014-158372,11/10/2017,RD-19900,39.88
3206,CA-2014-158372,11/10/2017,RD-19900,62.24
3207,CA-2014-158372,11/10/2017,RD-19900,53.20
3208,CA-2014-158372,11/10/2017,RD-19900,39.84
3209,CA-2016-108882,1/9/2019,LA-16780,349.95
3210,CA-2016-108882,1/9/2019,LA-16780,377.93
3213,CA-2014-142314,12/23/2017,SF-20200,207.24
3214,CA-2016-132409,5/26/2019,TH-21235,1.50
3215,CA-2016-132409,5/26/2019,TH-21235,34.85
3216,CA-2017-150189,7/8/2020,VG-21790,75.18
3217,CA-2014-114433,5/13/2017,NP-18325,149.97
3220,US-2015-137008,10/2/2018,JP-15460,94.85
3221,US-2015-137008,10/2/2018,JP-15460,51.12
3222,US-2015-137008,10/2/2018,JP-15460,90.00
3223,CA-2014-108189,10/2/2017,ES-14080,9.41
3224,CA-2014-108189,10/2/2017,ES-14080,4.67
3225,CA-2014-108189,10/2/2017,ES-14080,318.40
3226,CA-2014-108189,10/2/2017,ES-14080,12.77
3227,CA-2014-108189,10/2/2017,ES-14080,15.36
3228,CA-2014-108189,10/2/2017,ES-14080,230.38
3229,CA-2014-108189,10/2/2017,ES-14080,7.16
3230,CA-2014-154641,8/11/2017,KL-16645,375.34
3232,US-2017-156356,4/16/2020,ND-18370,26.05
3233,US-2017-156356,4/16/2020,ND-18370,2.90
3234,US-2017-156356,4/16/2020,ND-18370,32.54
3235,CA-2016-138933,4/24/2019,JL-15130,3.98
3236,CA-2016-140746,1/15/2019,RC-19825,181.80
3237,CA-2016-146836,5/2/2019,CC-12475,44.94
3238,CA-2016-146836,5/2/2019,CC-12475,45.58
3239,US-2016-127971,11/20/2019,DW-13195,318.43
3240,US-2016-127971,11/20/2019,DW-13195,122.92
3241,US-2016-127971,11/20/2019,DW-13195,7.07
3242,US-2016-140809,2/1/2019,CK-12760,56.45
3243,CA-2017-114524,3/31/2020,EG-13900,13.47
3249,CA-2016-159730,9/17/2019,SJ-20125,113.89
3250,CA-2016-159730,9/17/2019,SJ-20125,105.58
3251,CA-2016-157868,12/23/2019,MC-17590,24.85
3252,CA-2017-119389,4/17/2020,BG-11740,60.31
3255,CA-2016-155474,7/8/2019,CC-12220,107.98
3256,CA-2016-155474,7/8/2019,CC-12220,19.30
3257,CA-2015-155453,8/9/2018,RA-19885,4.61
3258,US-2016-161844,12/9/2019,DK-12835,79.97
3259,US-2016-161844,12/9/2019,DK-12835,2.95
3260,US-2016-162103,11/13/2019,LB-16795,3.14
3261,CA-2014-151554,11/14/2017,CM-11815,20.74
3262,CA-2014-140662,11/17/2017,TS-21205,99.98
3263,CA-2014-140662,11/17/2017,TS-21205,733.95
3264,CA-2014-140662,11/17/2017,TS-21205,241.44
3265,CA-2016-122518,3/4/2019,RF-19345,10.08
3266,US-2014-126571,10/11/2017,JF-15565,281.90
3267,US-2014-126571,10/11/2017,JF-15565,201.43
3268,CA-2014-143840,5/22/2017,EH-14185,135.98
3269,CA-2014-143840,5/22/2017,EH-14185,44.95
3270,CA-2014-115980,7/15/2017,VW-21775,2.97
3271,CA-2014-115980,7/15/2017,VW-21775,6.54
3272,CA-2015-155145,12/27/2018,KN-16450,7.92
3273,CA-2015-146038,2/9/2018,SJ-20215,203.92
3274,CA-2017-133865,5/8/2020,PS-19045,3359.95
3277,CA-2014-102988,4/5/2017,GM-14695,22.96
3278,CA-2014-102988,4/5/2017,GM-14695,28.99
3279,CA-2014-102988,4/5/2017,GM-14695,12.96
3280,CA-2014-102988,4/5/2017,GM-14695,22.96
3281,CA-2014-102988,4/5/2017,GM-14695,4164.05
3282,US-2014-117170,9/17/2017,KT-16465,47.98
3283,US-2014-117170,9/17/2017,KT-16465,4.62
3284,CA-2014-159478,9/30/2017,MH-17785,15.24
3285,CA-2014-103702,9/12/2017,AF-10885,63.92
3286,CA-2017-150525,2/20/2020,JP-16135,6.56
3287,CA-2017-150525,2/20/2020,JP-16135,13.11
3288,CA-2015-157770,12/13/2018,RD-19585,494.38
3289,CA-2015-157770,12/13/2018,RD-19585,29.20
3290,CA-2015-157770,12/13/2018,RD-19585,248.85
3291,CA-2015-157770,12/13/2018,RD-19585,36.24
3292,CA-2016-167290,10/30/2019,JF-15295,11.68
3293,CA-2014-106264,12/26/2017,CK-12595,11.91
3294,CA-2014-106264,12/26/2017,CK-12595,3.48
3295,CA-2014-138023,8/15/2017,KH-16510,30.96
3297,US-2015-110569,5/23/2018,EB-13870,19.19
3298,US-2015-110569,5/23/2018,EB-13870,121.79
3300,US-2014-159926,11/18/2017,CS-11950,51.00
3301,US-2014-159926,11/18/2017,CS-11950,76.79
3302,US-2014-159926,11/18/2017,CS-11950,539.96
3303,US-2014-159926,11/18/2017,CS-11950,60.31
3304,US-2014-159926,11/18/2017,CS-11950,1.94
3305,CA-2014-104738,12/30/2017,SP-20620,12.98
3306,CA-2014-104738,12/30/2017,SP-20620,217.58
3307,CA-2014-104738,12/30/2017,SP-20620,328.78
3308,CA-2014-104738,12/30/2017,SP-20620,2.29
3309,CA-2014-104738,12/30/2017,SP-20620,47.98
3310,CA-2015-144386,11/5/2018,GT-14635,25.34
3311,CA-2016-111416,9/17/2019,LW-17215,232.40
3312,CA-2016-162747,3/20/2019,AH-10030,86.45
3313,US-2014-133130,9/27/2017,TH-21100,603.92
3314,US-2014-133130,9/27/2017,TH-21100,81.98
3318,CA-2015-165057,9/11/2018,SC-20725,181.35
3319,CA-2015-165057,9/11/2018,SC-20725,8.64
3320,CA-2014-134551,12/20/2017,TS-21505,43.51
3321,CA-2014-134551,12/20/2017,TS-21505,662.88
3322,CA-2014-134551,12/20/2017,TS-21505,25.92
3323,CA-2015-120810,7/23/2018,TH-21550,68.94
3324,CA-2015-120810,7/23/2018,TH-21550,128.82
3325,CA-2014-165309,11/11/2017,KD-16270,896.99
3326,CA-2014-165309,11/11/2017,KD-16270,1.23
3327,CA-2014-165309,11/11/2017,KD-16270,67.56
3328,CA-2014-165309,11/11/2017,KD-16270,21.72
3329,CA-2014-165309,11/11/2017,KD-16270,262.34
3330,CA-2014-165309,11/11/2017,KD-16270,148.48
3331,CA-2014-165309,11/11/2017,KD-16270,241.18
3342,CA-2016-145982,8/27/2019,TB-21055,122.97
3343,CA-2016-145982,8/27/2019,TB-21055,244.61
3344,CA-2016-145982,8/27/2019,TB-21055,59.97
3345,CA-2016-145982,8/27/2019,TB-21055,81.54
3346,CA-2016-145982,8/27/2019,TB-21055,11.68
3347,CA-2016-145982,8/27/2019,TB-21055,29.00
3348,CA-2015-112014,8/13/2018,ON-18715,50.80
3350,US-2016-157308,8/17/2019,NM-18520,15.71
3351,CA-2016-147536,12/26/2019,AR-10510,89.97
3352,US-2014-134733,9/23/2017,BM-11650,436.00
3353,US-2014-134733,9/23/2017,BM-11650,83.98
3354,US-2014-150434,7/19/2017,CA-12310,359.98
3355,US-2014-150434,7/19/2017,CA-12310,70.56
3356,US-2014-150434,7/19/2017,CA-12310,20.88
3357,US-2014-150434,7/19/2017,CA-12310,3.81
3359,CA-2016-139234,5/6/2019,AF-10870,3.21
3360,CA-2016-139234,5/6/2019,AF-10870,26.18
3361,US-2015-142020,6/4/2018,TC-21535,30.44
3362,US-2015-142020,6/4/2018,TC-21535,35.28
3363,CA-2015-139962,12/13/2018,Dp-13240,19.44
3364,CA-2015-139962,12/13/2018,Dp-13240,37.88
3365,CA-2016-130050,7/16/2019,MC-17425,9.55
3366,CA-2014-115161,1/31/2017,LC-17050,290.67
3367,CA-2014-165379,7/9/2017,BM-11650,10.37
3368,CA-2014-165379,7/9/2017,BM-11650,14.35
3369,CA-2015-115511,11/21/2018,NW-18400,141.96
3370,CA-2015-115511,11/21/2018,NW-18400,66.05
3371,CA-2016-134887,3/25/2019,TB-21280,1287.45
3374,CA-2015-161718,12/4/2018,SO-20335,28.44
3375,CA-2015-161718,12/4/2018,SO-20335,364.41
3376,CA-2015-161718,12/4/2018,SO-20335,39.96
3377,CA-2015-161718,12/4/2018,SO-20335,361.76
3378,CA-2016-100671,11/1/2019,CS-12490,111.67
3379,CA-2017-142867,3/17/2020,PO-19180,13.78
3380,CA-2017-142867,3/17/2020,PO-19180,10.27
3383,CA-2015-130659,12/4/2018,MS-17365,17.94
3384,CA-2015-130659,12/4/2018,MS-17365,384.17
3385,CA-2015-130659,12/4/2018,MS-17365,1799.75
3391,CA-2017-101077,3/25/2020,DB-13660,6.85
3392,CA-2014-166471,8/9/2017,MG-17650,1091.17
3393,CA-2014-166471,8/9/2017,MG-17650,219.17
3394,CA-2014-105340,11/22/2017,EH-14185,6.93
3395,US-2017-131583,6/10/2020,CL-11890,40.03
3396,US-2017-148362,7/1/2020,KF-16285,443.92
3397,US-2017-148362,7/1/2020,KF-16285,169.99
3398,US-2017-148362,7/1/2020,KF-16285,25.92
3399,CA-2014-102274,11/21/2017,DH-13075,36.99
3400,CA-2014-102274,11/21/2017,DH-13075,629.10
3401,CA-2014-102274,11/21/2017,DH-13075,193.95
3402,CA-2014-102274,11/21/2017,DH-13075,5.46
3403,CA-2015-129700,5/4/2018,LA-16780,22.29
3404,CA-2017-168739,5/29/2020,HZ-14950,65.42
3405,CA-2015-152527,10/17/2018,CM-12190,77.88
3406,US-2014-150119,4/23/2017,LB-16795,281.37
3407,US-2014-150119,4/23/2017,LB-16795,281.37
3408,US-2014-150119,4/23/2017,LB-16795,7.49
3409,US-2014-150119,4/23/2017,LB-16795,22.34
3410,US-2017-150847,4/30/2020,JF-15490,10.37
3411,CA-2016-100244,9/20/2019,GM-14695,65.79
3412,CA-2016-100244,9/20/2019,GM-14695,271.98
3413,CA-2016-100244,9/20/2019,GM-14695,11.76
3414,CA-2016-100244,9/20/2019,GM-14695,77.52
3415,CA-2016-100244,9/20/2019,GM-14695,48.64
3416,CA-2016-116540,9/2/2019,SS-20590,1.81
3417,CA-2016-116540,9/2/2019,SS-20590,8.26
3418,CA-2015-151841,4/27/2018,TC-21475,43.56
3419,CA-2015-151841,4/27/2018,TC-21475,5.84
3420,CA-2015-150791,9/6/2018,CC-12430,271.76
3421,CA-2016-134803,5/28/2019,CL-12565,262.24
3422,CA-2016-134803,5/28/2019,CL-12565,182.72
3423,CA-2016-134803,5/28/2019,CL-12565,131.60
3424,CA-2016-134803,5/28/2019,CL-12565,22.72
3425,CA-2016-134803,5/28/2019,CL-12565,558.40
3426,CA-2015-153381,9/24/2018,DE-13255,15.24
3427,CA-2015-153381,9/24/2018,DE-13255,1408.10
3428,US-2017-111024,7/3/2020,SZ-20035,32.90
3429,US-2017-111024,7/3/2020,SZ-20035,215.15
3430,US-2017-111024,7/3/2020,SZ-20035,30.96
3436,US-2015-100531,9/27/2018,NM-18520,15.08
3437,US-2015-100531,9/27/2018,NM-18520,24.29
3441,CA-2015-144099,11/29/2018,PO-19195,4.30
3442,CA-2014-158337,3/11/2017,KA-16525,108.92
3445,CA-2016-116344,7/29/2019,JO-15145,84.78
3446,CA-2015-131779,6/12/2018,LE-16810,29.90
3447,CA-2016-158869,8/6/2019,AH-10690,70.88
3448,CA-2017-102554,6/11/2020,KN-16705,3.76
3449,CA-2016-162614,10/7/2019,TB-21250,27.26
3450,CA-2014-168592,9/8/2017,DP-13390,56.65
3451,CA-2014-168592,9/8/2017,DP-13390,14.97
3452,CA-2014-168592,9/8/2017,DP-13390,4.02
3453,CA-2014-157609,3/16/2017,KN-16705,471.92
3454,CA-2015-153325,3/1/2018,ST-20530,58.72
3455,CA-2015-153626,7/9/2018,EB-13870,5.16
3456,CA-2016-166485,2/20/2019,AH-10210,16.50
3463,CA-2015-152611,2/20/2018,KA-16525,286.79
3464,CA-2016-165470,11/25/2019,HJ-14875,5.08
3466,US-2015-147242,9/10/2018,EH-13765,61.96
3467,US-2015-147242,9/10/2018,EH-13765,361.96
3468,US-2015-147242,9/10/2018,EH-13765,278.82
3469,CA-2016-146143,12/14/2019,MC-17845,133.38
3470,CA-2015-100888,4/6/2018,MH-17455,47.95
3471,US-2016-150035,12/1/2019,CL-11890,16.74
3474,CA-2017-111815,3/3/2020,EP-13915,180.98
3475,CA-2017-111815,3/3/2020,EP-13915,99.98
3476,CA-2016-144911,11/27/2019,RW-19630,34.95
3477,CA-2016-144911,11/27/2019,RW-19630,152.00
3478,CA-2014-143385,8/31/2017,SJ-20500,92.52
3479,CA-2016-131289,12/8/2019,SP-20620,8.56
3480,CA-2016-131289,12/8/2019,SP-20620,45.36
3481,CA-2016-131289,12/8/2019,SP-20620,1421.66
3482,CA-2014-124023,4/7/2017,PJ-19015,8.96
3483,CA-2014-124688,8/27/2017,CC-12610,579.95
3484,CA-2014-124688,8/27/2017,CC-12610,29.12
3485,CA-2014-124688,8/27/2017,CC-12610,1202.94
3486,CA-2016-151169,10/21/2019,MY-18295,7.92
3487,US-2016-134761,11/30/2019,DB-13210,36.19
3489,CA-2015-157322,7/2/2018,RH-19600,408.42
3490,CA-2015-157322,7/2/2018,RH-19600,382.12
3491,CA-2015-157322,7/2/2018,RH-19600,68.60
3492,CA-2015-157322,7/2/2018,RH-19600,435.50
3493,CA-2015-157322,7/2/2018,RH-19600,11.17
3497,CA-2016-107328,8/8/2019,CA-12055,513.02
3498,CA-2016-107328,8/8/2019,CA-12055,487.92
3499,CA-2016-107328,8/8/2019,CA-12055,15.24
3500,CA-2016-108616,9/29/2019,JK-15730,209.97
3501,CA-2016-108616,9/29/2019,JK-15730,62.94
3502,CA-2016-108616,9/29/2019,JK-15730,25.92
3503,CA-2017-125115,4/10/2020,RD-19930,10.37
3504,CA-2017-125115,4/10/2020,RD-19930,95.74
3505,CA-2016-150945,12/18/2019,JK-16120,900.08
3506,CA-2014-166863,6/20/2017,SC-20020,201.58
3507,CA-2014-166863,6/20/2017,SC-20020,3.39
3508,CA-2014-166863,6/20/2017,SC-20020,193.07
3509,CA-2014-166863,6/20/2017,SC-20020,15.55
3510,CA-2014-166863,6/20/2017,SC-20020,11.65
3511,CA-2014-166863,6/20/2017,SC-20020,418.80
3512,CA-2014-166863,6/20/2017,SC-20020,509.49
3516,CA-2016-168536,12/20/2019,SC-20800,66.30
3517,US-2016-113649,8/9/2019,HA-14920,30.82
3518,US-2016-113649,8/9/2019,HA-14920,44.78
3519,US-2016-113649,8/9/2019,HA-14920,569.54
3520,CA-2015-124975,6/22/2018,MG-17875,796.43
3521,CA-2015-168767,4/10/2018,DM-12955,12.83
3522,CA-2016-114482,11/21/2019,DM-13345,40.46
3523,CA-2016-114482,11/21/2019,DM-13345,404.94
3524,CA-2016-137673,9/5/2019,ML-17395,116.00
3525,CA-2016-132731,11/24/2019,GA-14515,657.55
3529,CA-2016-130680,6/24/2019,BD-11320,38.24
3530,CA-2015-141145,9/17/2018,DB-13405,87.17
3531,US-2016-152835,5/19/2019,RP-19855,21.40
3532,CA-2016-155565,5/28/2019,EH-13765,54.90
3533,CA-2014-110849,4/18/2017,JL-15835,287.97
3534,CA-2014-110849,4/18/2017,JL-15835,13.12
3535,CA-2014-110849,4/18/2017,JL-15835,10.75
3536,CA-2014-110849,4/18/2017,JL-15835,11.62
3537,CA-2016-145842,6/17/2019,FM-14380,40.74
3538,CA-2014-158771,5/9/2017,SB-20290,83.25
3539,CA-2014-158771,5/9/2017,SB-20290,9.45
3540,CA-2014-158771,5/9/2017,SB-20290,20.65
3541,CA-2014-158771,5/9/2017,SB-20290,45.36
3542,CA-2016-157511,9/18/2019,SV-20365,5.35
3543,CA-2016-157511,9/18/2019,SV-20365,99.37
3544,CA-2016-157511,9/18/2019,SV-20365,2.67
3551,CA-2016-152555,3/29/2019,ME-17320,45.53
3552,CA-2016-152555,3/29/2019,ME-17320,844.12
3553,CA-2016-152555,3/29/2019,ME-17320,812.74
3555,CA-2014-120838,3/23/2017,PO-18865,330.40
3556,CA-2014-120838,3/23/2017,PO-18865,604.75
3565,CA-2016-130029,7/3/2019,GT-14755,12.96
3566,CA-2016-130029,7/3/2019,GT-14755,3.96
3568,CA-2016-137176,9/9/2019,DB-12910,15.01
3569,CA-2017-168109,7/3/2020,JK-15640,59.98
3570,CA-2017-168109,7/3/2020,JK-15640,2395.20
3571,CA-2017-168109,7/3/2020,JK-15640,1687.80
3572,CA-2017-168109,7/3/2020,JK-15640,7.99
3573,US-2017-126081,6/29/2020,FC-14335,5.18
3576,CA-2015-143532,3/19/2018,DC-12850,14.50
3577,CA-2016-103163,6/7/2019,FM-14290,4.78
3578,CA-2016-103163,6/7/2019,FM-14290,4.73
3579,CA-2016-104157,7/25/2019,MT-17815,7.89
3580,CA-2016-104157,7/25/2019,MT-17815,65.50
3581,CA-2016-104157,7/25/2019,MT-17815,2430.08
3583,CA-2015-121650,12/10/2018,KD-16495,3.90
3584,CA-2015-121650,12/10/2018,KD-16495,801.96
3585,CA-2015-121650,12/10/2018,KD-16495,191.96
3586,CA-2015-121650,12/10/2018,KD-16495,2.61
3592,CA-2014-154186,12/13/2017,RA-19285,2.92
3593,CA-2016-108434,12/5/2019,JG-15160,465.18
3594,CA-2016-164154,9/11/2019,NZ-18565,22.43
3595,CA-2016-164154,9/11/2019,NZ-18565,37.52
3597,CA-2014-102869,9/9/2017,LC-17140,15.55
3598,CA-2014-102869,9/9/2017,LC-17140,64.70
3599,CA-2014-102869,9/9/2017,LC-17140,17.47
3600,CA-2014-102869,9/9/2017,LC-17140,135.52
3601,CA-2017-138310,6/26/2020,NP-18700,431.93
3602,CA-2014-159835,11/17/2017,RB-19330,12.45
3603,CA-2014-159835,11/17/2017,RB-19330,657.93
3607,CA-2016-119683,3/12/2019,CK-12595,29.34
3608,CA-2014-163559,9/23/2017,ST-20530,139.44
3609,CA-2014-140228,4/28/2017,GB-14530,6.91
3610,CA-2014-140228,4/28/2017,GB-14530,27.10
3611,CA-2014-140228,4/28/2017,GB-14530,177.57
3612,US-2016-131674,11/29/2019,NC-18535,58.42
3613,CA-2015-110093,12/3/2018,AB-10255,16.45
3614,CA-2015-110093,12/3/2018,AB-10255,36.78
3617,CA-2016-154536,9/5/2019,JC-15340,9.56
3621,CA-2016-109743,9/22/2019,SH-19975,40.78
3622,CA-2016-109743,9/22/2019,SH-19975,63.94
3623,CA-2014-159184,9/14/2017,JC-15775,142.40
3624,CA-2014-159184,9/14/2017,JC-15775,7.16
3625,CA-2017-113530,5/19/2020,BC-11125,681.41
3626,CA-2017-113530,5/19/2020,BC-11125,3.52
3627,CA-2017-113530,5/19/2020,BC-11125,5.58
3628,CA-2017-113530,5/19/2020,BC-11125,36.32
3629,CA-2014-169726,8/9/2017,JH-15985,2060.74
3632,CA-2017-132178,5/3/2020,DB-12970,69.52
3633,CA-2017-132178,5/3/2020,DB-12970,763.44
3634,CA-2016-145177,11/10/2019,PP-18955,9.22
3635,CA-2016-145177,11/10/2019,PP-18955,41.96
3636,CA-2016-145177,11/10/2019,PP-18955,89.57
3637,CA-2016-145177,11/10/2019,PP-18955,22.25
3638,CA-2016-145177,11/10/2019,PP-18955,334.88
3639,CA-2016-145177,11/10/2019,PP-18955,148.29
3640,CA-2016-145177,11/10/2019,PP-18955,4.62
3641,CA-2016-145177,11/10/2019,PP-18955,178.92
3642,CA-2016-145177,11/10/2019,PP-18955,69.89
3643,CA-2014-156594,12/20/2017,MC-17845,487.98
3644,CA-2014-156594,12/20/2017,MC-17845,47.30
3645,CA-2014-156594,12/20/2017,MC-17845,4.13
3646,CA-2014-156594,12/20/2017,MC-17845,155.12
3647,CA-2014-146528,7/25/2017,VF-21715,6.48
3648,CA-2014-146528,7/25/2017,VF-21715,15.52
3649,CA-2015-168459,11/22/2018,MC-17275,2.95
3650,CA-2015-168459,11/22/2018,MC-17275,55.10
3656,CA-2017-168102,4/24/2020,CP-12340,113.57
3658,CA-2015-128083,3/12/2018,EB-13750,8.69
3659,CA-2015-128083,3/12/2018,EB-13750,30.88
3660,CA-2015-128083,3/12/2018,EB-13750,6.41
3661,CA-2016-161676,7/18/2019,JP-15460,33.80
3662,CA-2016-155005,6/13/2019,SC-20050,377.97
3663,US-2017-129777,7/3/2020,FM-14290,258.90
3664,US-2017-129777,7/3/2020,FM-14290,24.56
3665,CA-2014-129364,12/8/2017,TB-21250,27.89
3666,CA-2014-129364,12/8/2017,TB-21250,6.46
3667,CA-2014-129364,12/8/2017,TB-21250,52.68
3668,CA-2014-129364,12/8/2017,TB-21250,13.88
3669,CA-2014-129364,12/8/2017,TB-21250,103.92
3670,CA-2014-129364,12/8/2017,TB-21250,11.52
3671,CA-2014-129364,12/8/2017,TB-21250,10.37
3672,CA-2014-129364,12/8/2017,TB-21250,39.07
3673,CA-2016-104969,4/8/2019,EH-14125,8.87
3674,CA-2016-104969,4/8/2019,EH-14125,121.10
3677,CA-2015-156440,12/5/2018,MH-17620,44.46
3678,CA-2015-132626,7/9/2018,BT-11680,15.80
3679,CA-2015-132626,7/9/2018,BT-11680,464.97
3680,CA-2015-132626,7/9/2018,BT-11680,181.96
3681,CA-2015-132626,7/9/2018,BT-11680,12.39
3682,CA-2015-132626,7/9/2018,BT-11680,84.09
3683,CA-2015-132626,7/9/2018,BT-11680,79.36
3684,CA-2015-132626,7/9/2018,BT-11680,153.36
3685,CA-2015-132626,7/9/2018,BT-11680,43.68
3686,CA-2015-132626,7/9/2018,BT-11680,98.21
3687,CA-2016-102792,12/13/2019,JC-15340,9.84
3688,CA-2016-108567,5/20/2019,DB-13210,2.69
3689,CA-2017-140760,6/2/2020,DO-13435,25.34
3690,CA-2017-140760,6/2/2020,DO-13435,43.92
3691,US-2015-131359,10/30/2018,FA-14230,59.99
3692,US-2015-131359,10/30/2018,FA-14230,439.99
3693,US-2015-131359,10/30/2018,FA-14230,87.96
3694,US-2015-131359,10/30/2018,FA-14230,15.49
3695,CA-2016-142097,10/15/2019,QJ-19255,232.96
3696,CA-2016-142097,10/15/2019,QJ-19255,66.54
3697,CA-2016-142097,10/15/2019,QJ-19255,43.26
3698,CA-2015-151680,11/19/2018,TC-21475,141.96
3699,CA-2014-140039,9/13/2017,ON-18715,79.40
3702,CA-2016-126543,1/9/2019,MF-17665,15.17
3703,CA-2015-104941,6/13/2018,DH-13075,24.78
3704,CA-2015-104941,6/13/2018,DH-13075,19.14
3705,CA-2015-104941,6/13/2018,DH-13075,899.97
3706,CA-2015-104941,6/13/2018,DH-13075,32.40
3707,CA-2017-160087,3/18/2020,EN-13780,23.83
3708,CA-2014-120544,11/23/2017,SS-20140,6.37
3709,CA-2014-120544,11/23/2017,SS-20140,34.18
3710,CA-2014-120544,11/23/2017,SS-20140,5.54
3713,CA-2017-166198,4/21/2020,JW-15955,11.54
3714,CA-2017-166198,4/21/2020,JW-15955,162.60
3715,CA-2014-135608,12/8/2017,JK-15625,45.68
3716,CA-2014-135608,12/8/2017,JK-15625,603.92
3717,CA-2017-144568,5/29/2020,JO-15550,23.55
3718,CA-2016-142370,9/19/2019,TP-21130,5.04
3719,CA-2016-142370,9/19/2019,TP-21130,249.95
3720,CA-2016-105900,9/17/2019,BS-11590,33.40
3721,CA-2016-151155,12/20/2019,AB-10255,18.92
3722,CA-2016-151155,12/20/2019,AB-10255,15.42
3724,US-2014-169789,12/30/2017,MF-17665,551.99
3725,CA-2017-127264,4/3/2020,SA-20830,7.06
3726,CA-2016-151512,12/26/2019,SH-19975,18.72
3727,CA-2016-165169,6/5/2019,JL-15235,360.38
3728,CA-2016-165169,6/5/2019,JL-15235,11.16
3729,CA-2016-165169,6/5/2019,JL-15235,14.94
3730,CA-2015-109575,9/18/2018,KH-16630,41.96
3731,CA-2015-109575,9/18/2018,KH-16630,636.86
3732,CA-2015-109575,9/18/2018,KH-16630,499.99
3733,CA-2015-109575,9/18/2018,KH-16630,1259.93
3734,CA-2015-109575,9/18/2018,KH-16630,65.08
3735,CA-2017-168193,3/6/2020,RM-19750,26.38
3736,CA-2017-168193,3/6/2020,RM-19750,71.97
3737,CA-2016-115476,3/17/2019,VM-21835,129.98
3738,CA-2016-115476,3/17/2019,VM-21835,32.54
3739,CA-2016-133340,12/9/2019,LH-17155,10.90
3740,CA-2016-133340,12/9/2019,LH-17155,59.98
3741,CA-2016-133340,12/9/2019,LH-17155,61.93
3742,CA-2016-137848,1/15/2019,WB-21850,16.52
3743,CA-2016-137848,1/15/2019,WB-21850,60.12
3744,CA-2016-137848,1/15/2019,WB-21850,49.54
3745,CA-2014-113047,10/24/2017,AP-10915,11.85
3746,CA-2016-149979,9/23/2019,RA-19915,118.25
3747,CA-2016-149979,9/23/2019,RA-19915,368.97
3756,CA-2016-116799,3/3/2019,JG-15310,42.78
3757,CA-2016-116799,3/3/2019,JG-15310,563.43
3758,CA-2016-111283,2/28/2019,LC-16870,111.10
3759,CA-2015-167745,9/18/2018,GB-14530,11.68
3760,CA-2015-167745,9/18/2018,GB-14530,16.90
3761,CA-2015-167745,9/18/2018,GB-14530,24.40
3762,CA-2017-104577,5/12/2020,CK-12205,87.60
3763,CA-2016-156251,8/13/2019,TS-21160,241.96
3764,CA-2016-156251,8/13/2019,TS-21160,8.52
3765,CA-2017-125878,2/25/2020,MH-18025,1.79
3766,CA-2016-163153,3/21/2019,DM-12955,99.37
3767,CA-2016-163153,3/21/2019,DM-12955,1.34
3768,CA-2015-103205,12/8/2018,JJ-15760,119.96
3769,CA-2014-153913,12/16/2017,KB-16585,1013.83
3770,CA-2014-153913,12/16/2017,KB-16585,1.98
3771,CA-2016-155530,12/17/2019,CM-12160,2003.52
3772,US-2016-101196,5/12/2019,FM-14215,82.37
3773,CA-2014-115357,8/6/2017,RF-19735,62.91
3774,US-2014-102715,4/11/2017,JK-15370,6.91
3775,US-2014-102715,4/11/2017,JK-15370,383.98
3776,US-2014-102715,4/11/2017,JK-15370,10.37
3777,US-2014-102715,4/11/2017,JK-15370,335.94
3778,CA-2015-107937,5/3/2018,JB-16045,665.88
3780,CA-2017-118521,2/16/2020,LF-17185,37.94
3781,CA-2014-149643,11/16/2017,RH-19510,273.96
3782,CA-2015-135314,7/9/2018,MC-17575,269.98
3785,CA-2017-125752,7/31/2020,EH-14125,41.42
3787,CA-2016-144218,10/31/2019,JD-15895,1085.42
3788,CA-2016-169971,9/4/2019,IL-15100,3.91
3789,CA-2016-169971,9/4/2019,IL-15100,62.38
3790,US-2016-133508,4/17/2019,SW-20350,29.05
3791,CA-2014-107139,7/5/2017,DP-13390,180.96
3792,CA-2015-111325,2/27/2018,BT-11395,4.42
3793,CA-2015-111325,2/27/2018,BT-11395,16.03
3794,CA-2015-163762,11/27/2018,JE-15475,29.79
3795,US-2014-117163,1/27/2017,EJ-13720,57.23
3796,US-2014-117163,1/27/2017,EJ-13720,333.00
3797,US-2014-117163,1/27/2017,EJ-13720,36.44
3801,CA-2016-156503,10/14/2019,NC-18415,102.59
3802,CA-2016-156503,10/14/2019,NC-18415,22.70
3803,CA-2016-156503,10/14/2019,NC-18415,93.02
3804,CA-2016-156503,10/14/2019,NC-18415,12.77
3805,CA-2016-156503,10/14/2019,NC-18415,35.01
3806,CA-2016-156503,10/14/2019,NC-18415,39.15
3807,CA-2015-113628,11/12/2018,AH-10690,11.76
3808,CA-2015-113628,11/12/2018,AH-10690,5.24
3809,CA-2015-113628,11/12/2018,AH-10690,4.66
3810,CA-2015-113628,11/12/2018,AH-10690,523.92
3811,CA-2015-113628,11/12/2018,AH-10690,100.79
3812,CA-2015-113628,11/12/2018,AH-10690,146.14
3813,CA-2017-147753,3/5/2020,PK-19075,25.06
3814,CA-2015-103961,11/5/2018,NG-18430,19.82
3815,CA-2016-152471,7/8/2019,ZD-21925,823.96
3816,CA-2016-152471,7/8/2019,ZD-21925,15.98
3817,CA-2015-102582,9/15/2018,NW-18400,801.96
3818,CA-2015-102582,9/15/2018,NW-18400,59.97
3819,CA-2015-102582,9/15/2018,NW-18400,1056.86
3824,CA-2015-140984,9/14/2018,CC-12685,991.20
3825,CA-2015-140984,9/14/2018,CC-12685,879.98
3826,CA-2015-140984,9/14/2018,CC-12685,12.96
3827,CA-2014-132801,10/7/2017,JG-15805,107.44
3828,CA-2017-141733,5/7/2020,RW-19540,1458.65
3829,CA-2017-141733,5/7/2020,RW-19540,26.64
3830,CA-2017-141733,5/7/2020,RW-19540,476.80
3831,CA-2017-141733,5/7/2020,RW-19540,87.44
3832,US-2015-111927,11/14/2018,LS-17230,76.14
3833,US-2015-111927,11/14/2018,LS-17230,19.96
3834,CA-2014-105984,11/24/2017,MY-18295,1049.97
3835,CA-2014-105984,11/24/2017,MY-18295,611.06
3836,CA-2014-100363,4/8/2017,JM-15655,2.37
3837,CA-2014-100363,4/8/2017,JM-15655,19.01
3838,CA-2014-126760,7/26/2017,KM-16720,911.98
3839,CA-2014-126760,7/26/2017,KM-16720,674.35
3840,CA-2014-126760,7/26/2017,KM-16720,134.01
3841,CA-2014-126760,7/26/2017,KM-16720,170.97
3842,US-2014-109162,6/8/2017,KE-16420,170.35
3843,CA-2014-101931,10/28/2017,TS-21370,7.18
3844,CA-2014-101931,10/28/2017,TS-21370,6.28
3845,CA-2014-101931,10/28/2017,TS-21370,480.74
3846,CA-2014-101931,10/28/2017,TS-21370,617.00
3847,CA-2014-101931,10/28/2017,TS-21370,141.40
3851,CA-2015-142377,12/4/2018,MS-17980,85.96
3852,CA-2015-127593,9/21/2018,DH-13675,85.30
3854,US-2017-131849,6/6/2020,GH-14410,4.95
3855,US-2017-131849,6/6/2020,GH-14410,26.40
3859,CA-2014-140816,12/20/2017,TC-21295,447.94
3860,CA-2017-154039,2/17/2020,JK-16120,480.96
3861,CA-2017-154039,2/17/2020,JK-16120,124.79
3862,CA-2014-135755,5/3/2017,NC-18415,40.18
3863,CA-2014-135755,5/3/2017,NC-18415,10.90
3865,CA-2015-157133,11/28/2018,LC-16885,151.96
3866,CA-2014-124709,7/27/2017,GW-14605,238.00
3867,CA-2017-146360,4/23/2020,SC-20305,155.34
3868,CA-2015-132486,10/23/2018,JF-15355,148.32
3869,CA-2015-132486,10/23/2018,JF-15355,240.78
3870,CA-2015-132486,10/23/2018,JF-15355,191.97
3871,CA-2015-132486,10/23/2018,JF-15355,11.56
3872,CA-2015-132486,10/23/2018,JF-15355,11.80
3873,CA-2015-132486,10/23/2018,JF-15355,842.35
3874,CA-2016-136231,9/5/2019,DM-13015,23.47
3875,CA-2016-136231,9/5/2019,DM-13015,86.06
3876,CA-2016-136231,9/5/2019,DM-13015,108.78
3877,CA-2016-136231,9/5/2019,DM-13015,10.27
3878,CA-2016-140641,10/28/2019,EP-13915,38.19
3879,CA-2014-151001,4/5/2017,JG-15805,49.63
3880,CA-2014-151001,4/5/2017,JG-15805,52.10
3881,CA-2015-129896,6/15/2018,PF-19120,9.57
3882,CA-2015-129896,6/15/2018,PF-19120,82.37
3883,CA-2015-129896,6/15/2018,PF-19120,364.70
3884,CA-2015-129896,6/15/2018,PF-19120,40.26
3885,CA-2014-152849,7/5/2017,DW-13195,4.37
3886,US-2017-127341,1/29/2020,CK-12595,12.13
3887,CA-2016-167759,3/3/2019,CC-12670,134.85
3888,CA-2014-100895,6/2/2017,SV-20785,8.56
3889,CA-2014-100895,6/2/2017,SV-20785,239.97
3890,CA-2014-100895,6/2/2017,SV-20785,356.94
3891,US-2016-163881,11/24/2019,SP-20860,659.90
3892,US-2016-163881,11/24/2019,SP-20860,1684.75
3893,US-2016-163881,11/24/2019,SP-20860,559.92
3894,US-2016-144547,11/10/2019,MS-17770,279.94
3895,US-2014-112200,11/22/2017,TC-21475,9.98
3896,CA-2017-110212,5/1/2020,SJ-20125,48.90
3901,CA-2015-121097,1/3/2018,SF-20965,10.37
3902,CA-2015-151043,11/14/2018,MG-17680,47.98
3903,US-2015-119312,10/2/2018,CS-12400,270.34
3904,CA-2015-167010,4/5/2018,VT-21700,98.11
3905,CA-2015-167010,4/5/2018,VT-21700,563.81
3906,CA-2015-167010,4/5/2018,VT-21700,10.43
3907,CA-2015-167010,4/5/2018,VT-21700,547.14
3908,CA-2015-167010,4/5/2018,VT-21700,14.85
3909,CA-2015-167010,4/5/2018,VT-21700,41.99
3910,CA-2015-167010,4/5/2018,VT-21700,7.58
3911,CA-2015-167010,4/5/2018,VT-21700,352.45
3912,CA-2017-126788,6/5/2020,AB-10105,470.38
3915,US-2017-142573,7/18/2020,ML-17410,801.60
3916,US-2017-142573,7/18/2020,ML-17410,161.57
3917,US-2017-142573,7/18/2020,ML-17410,16.10
3918,US-2017-142573,7/18/2020,ML-17410,7.66
3919,US-2017-142573,7/18/2020,ML-17410,311.98
3920,US-2015-148817,12/1/2018,KD-16495,61.68
3921,US-2015-148817,12/1/2018,KD-16495,63.96
3922,CA-2016-110044,6/28/2019,RF-19735,359.98
3925,CA-2014-103940,9/17/2017,BN-11515,30.28
3926,CA-2014-103940,9/17/2017,BN-11515,57.93
3927,CA-2014-103940,9/17/2017,BN-11515,35.34
3928,CA-2014-103940,9/17/2017,BN-11515,137.24
3929,CA-2016-162082,3/14/2019,JS-15880,241.33
3930,CA-2016-162082,3/14/2019,JS-15880,5.18
3931,CA-2016-162082,3/14/2019,JS-15880,145.54
3932,CA-2016-132094,8/26/2019,VG-21805,5.47
3933,CA-2016-132094,8/26/2019,VG-21805,47.98
3937,CA-2015-118955,6/16/2018,LS-17230,28.75
3938,CA-2015-118955,6/16/2018,LS-17230,27.22
3939,CA-2015-118955,6/16/2018,LS-17230,197.37
3940,US-2016-143448,12/10/2019,MH-17455,1424.90
3941,CA-2017-117863,5/18/2020,TS-21340,14.56
3942,CA-2017-117863,5/18/2020,TS-21340,3.05
3943,CA-2017-160458,5/27/2020,EH-13945,25.92
3944,US-2016-142685,6/23/2019,MG-17695,835.17
3945,CA-2016-133144,5/16/2019,DO-13435,17.34
3948,CA-2016-119963,11/18/2019,SN-20710,6.37
3949,CA-2016-119963,11/18/2019,SN-20710,48.85
3950,CA-2016-119963,11/18/2019,SN-20710,19.65
3951,CA-2016-119963,11/18/2019,SN-20710,255.11
3952,CA-2014-121167,11/28/2017,MO-17500,17.25
3953,US-2016-151862,3/1/2019,ON-18715,159.98
3954,CA-2017-152961,1/15/2020,SC-20095,12.70
3955,CA-2014-133228,4/4/2017,MS-17710,5.47
3956,CA-2014-133228,4/4/2017,MS-17710,79.36
3957,CA-2016-114951,6/26/2019,DN-13690,22.14
3958,CA-2016-156573,5/29/2019,RB-19360,11.28
3959,CA-2016-156573,5/29/2019,RB-19360,4.45
3960,CA-2016-156573,5/29/2019,RB-19360,44.76
3961,CA-2015-113901,10/19/2018,NH-18610,38.28
3962,CA-2015-113901,10/19/2018,NH-18610,149.95
3963,CA-2017-134838,2/19/2020,ED-13885,12.84
3964,CA-2017-134838,2/19/2020,ED-13885,44.67
3965,CA-2016-120257,9/22/2019,PW-19240,7.87
3966,CA-2014-164910,11/12/2017,DM-13345,7.87
3967,CA-2016-149902,4/1/2019,DW-13540,88.04
3968,CA-2016-146010,5/20/2019,EH-14125,40.64
3969,US-2015-163685,6/1/2018,KE-16420,5.73
3970,US-2015-163685,6/1/2018,KE-16420,42.24
3971,CA-2014-135090,11/22/2017,SP-20920,53.82
3972,CA-2015-132374,2/22/2018,PS-19045,79.36
3973,CA-2016-167556,3/29/2019,JM-15250,13.48
3974,CA-2016-167556,3/29/2019,JM-15250,29.80
3975,CA-2016-167556,3/29/2019,JM-15250,414.00
3976,CA-2016-167556,3/29/2019,JM-15250,41.33
3977,US-2016-116400,10/22/2019,EB-13930,39.92
3980,CA-2014-114517,12/23/2017,TH-21235,53.32
3981,CA-2014-114517,12/23/2017,TH-21235,56.52
3983,CA-2016-135265,7/7/2019,CC-12370,287.97
3984,CA-2016-135265,7/7/2019,CC-12370,2799.96
3985,CA-2016-135265,7/7/2019,CC-12370,48.94
3986,CA-2016-108735,4/17/2019,JM-15535,257.50
3987,CA-2017-112333,4/8/2020,KF-16285,2591.56
3988,CA-2017-112333,4/8/2020,KF-16285,41.95
3989,US-2016-159415,4/17/2019,CS-12175,79.12
3990,CA-2014-122588,11/25/2017,AR-10540,52.96
3991,CA-2014-137589,11/3/2017,MS-17770,286.34
3992,CA-2015-161998,5/1/2018,DB-13120,63.55
3993,CA-2015-161998,5/1/2018,DB-13120,41.38
3994,CA-2015-161998,5/1/2018,DB-13120,172.70
3995,CA-2015-105627,3/8/2018,DK-12895,512.94
3996,CA-2015-105627,3/8/2018,DK-12895,860.93
3997,CA-2015-105627,3/8/2018,DK-12895,769.95
3998,CA-2015-105627,3/8/2018,DK-12895,14.98
3999,CA-2015-105627,3/8/2018,DK-12895,373.08
4000,US-2015-149629,7/17/2018,MP-17965,231.92
4001,CA-2014-116834,10/11/2017,Dp-13240,63.47
4002,CA-2014-116834,10/11/2017,Dp-13240,345.00
4003,CA-2016-145730,3/3/2019,CC-12220,637.90
4004,CA-2016-145730,3/3/2019,CC-12220,287.91
4005,CA-2016-145730,3/3/2019,CC-12220,36.60
4006,US-2015-168732,12/10/2018,KM-16660,1.78
4007,US-2015-168732,12/10/2018,KM-16660,25.92
4008,US-2015-168732,12/10/2018,KM-16660,101.94
4009,CA-2015-107468,12/18/2018,MK-17905,6.85
4010,CA-2017-144463,1/1/2020,SC-20725,474.43
4013,CA-2015-153612,12/22/2018,BT-11305,17.12
4014,CA-2015-165624,8/23/2018,FH-14350,542.94
4015,CA-2015-165624,8/23/2018,FH-14350,8.64
4016,CA-2015-165624,8/23/2018,FH-14350,193.80
4017,CA-2015-165624,8/23/2018,FH-14350,21.40
4018,CA-2015-165624,8/23/2018,FH-14350,97.88
4019,CA-2015-165624,8/23/2018,FH-14350,251.91
4020,CA-2015-165624,8/23/2018,FH-14350,25.86
4021,CA-2014-154963,6/22/2017,AA-10645,170.06
4022,CA-2014-154963,6/22/2017,AA-10645,82.78
4023,CA-2014-154963,6/22/2017,AA-10645,853.93
4032,CA-2016-169957,9/26/2019,SN-20710,236.88
4033,CA-2016-169957,9/26/2019,SN-20710,29.90
4034,CA-2016-169957,9/26/2019,SN-20710,100.00
4035,US-2016-108777,12/12/2019,JM-15655,18.69
4036,US-2016-108777,12/12/2019,JM-15655,383.95
4037,CA-2015-148859,12/28/2018,FH-14350,24.82
4038,CA-2014-110786,12/29/2017,AJ-10795,24.90
4039,CA-2014-110786,12/29/2017,AJ-10795,21.12
4040,CA-2014-110786,12/29/2017,AJ-10795,767.95
4041,CA-2014-110786,12/29/2017,AJ-10795,14.35
4042,CA-2014-110786,12/29/2017,AJ-10795,191.98
4043,CA-2014-110786,12/29/2017,AJ-10795,274.77
4044,CA-2014-110786,12/29/2017,AJ-10795,70.56
4045,CA-2015-137750,6/25/2018,JF-15565,204.85
4046,CA-2015-136378,4/2/2018,CS-11845,9.16
4048,US-2015-166520,7/16/2018,KE-16420,80.88
4049,US-2015-166520,7/16/2018,KE-16420,599.90
4050,CA-2017-136350,6/24/2020,GA-14515,276.69
4051,CA-2017-136350,6/24/2020,GA-14515,172.76
4052,CA-2014-122931,9/29/2017,SM-20950,4.22
4053,CA-2014-122931,9/29/2017,SM-20950,409.27
4054,CA-2014-122931,9/29/2017,SM-20950,55.44
4055,CA-2014-122931,9/29/2017,SM-20950,20.93
4056,CA-2014-122931,9/29/2017,SM-20950,1801.63
4057,CA-2014-122931,9/29/2017,SM-20950,67.18
4058,CA-2014-163034,11/24/2017,DK-12985,646.20
4059,CA-2015-124058,11/20/2018,LC-16885,72.74
4060,CA-2015-124058,11/20/2018,LC-16885,572.16
4061,CA-2016-129196,11/1/2019,XP-21865,68.11
4062,US-2015-138716,9/17/2018,CS-11845,25.03
4063,US-2016-122182,3/10/2019,BD-11770,39.99
4064,US-2014-130358,6/23/2017,DL-13330,20.02
4065,US-2014-130358,6/23/2017,DL-13330,3.10
4066,CA-2014-102673,11/1/2017,KH-16630,7.52
4067,CA-2014-102673,11/1/2017,KH-16630,10.27
4068,CA-2014-102673,11/1/2017,KH-16630,47.81
4069,CA-2014-102673,11/1/2017,KH-16630,978.84
4070,CA-2016-145303,8/28/2019,TP-21415,13.14
4071,CA-2016-145303,8/28/2019,TP-21415,10.02
4072,CA-2016-145303,8/28/2019,TP-21415,156.37
4073,CA-2015-156104,12/6/2018,NP-18685,999.98
4074,US-2015-164308,9/24/2018,SC-20680,821.94
4077,CA-2015-100685,12/19/2018,SM-20950,7.04
4078,CA-2015-100685,12/19/2018,SM-20950,5.04
4079,CA-2015-100685,12/19/2018,SM-20950,116.28
4080,CA-2015-165414,12/21/2018,LS-17245,47.98
4081,CA-2016-140417,9/25/2019,KE-16420,60.05
4082,CA-2016-140417,9/25/2019,KE-16420,5.02
4083,US-2017-151316,6/24/2020,MC-17635,182.99
4084,US-2017-151316,6/24/2020,MC-17635,10.27
4086,CA-2016-111913,8/4/2019,LC-16930,302.38
4087,CA-2016-111913,8/4/2019,LC-16930,20.95
4088,CA-2016-111913,8/4/2019,LC-16930,11.78
4089,US-2014-156559,8/19/2017,LH-16900,638.82
4090,CA-2016-161473,4/1/2019,TB-21175,20.70
4091,CA-2016-161473,4/1/2019,TB-21175,10.95
4092,CA-2016-161473,4/1/2019,TB-21175,14.35
4093,CA-2017-166576,5/16/2020,JM-15865,221.02
4094,CA-2015-102491,8/24/2018,KW-16435,3080.00
4095,CA-2015-102491,8/24/2018,KW-16435,79.96
4096,CA-2015-102491,8/24/2018,KW-16435,587.97
4097,CA-2014-116904,9/23/2017,SC-20095,32.40
4098,CA-2014-116904,9/23/2017,SC-20095,404.90
4099,CA-2014-116904,9/23/2017,SC-20095,9449.95
4100,CA-2014-116904,9/23/2017,SC-20095,12.94
4101,US-2017-102288,6/19/2020,ZC-21910,2.26
4102,US-2017-102288,6/19/2020,ZC-21910,0.44
4103,US-2017-102288,6/19/2020,ZC-21910,146.18
4107,US-2016-148334,8/22/2019,DD-13570,4.31
4108,CA-2015-105599,9/7/2018,MC-17275,13.96
4109,CA-2015-105599,9/7/2018,MC-17275,27.41
4110,CA-2015-153717,12/25/2018,DL-13495,73.98
4111,CA-2015-153717,12/25/2018,DL-13495,160.98
4112,CA-2015-153717,12/25/2018,DL-13495,17.34
4113,CA-2015-153717,12/25/2018,DL-13495,3.28
4114,CA-2015-116687,5/2/2018,NC-18625,8.86
4115,CA-2015-116687,5/2/2018,NC-18625,158.38
4116,CA-2016-163573,11/24/2019,AC-10450,1219.96
4117,CA-2015-153416,11/24/2018,TS-21340,3.17
4118,CA-2015-153416,11/24/2018,TS-21340,19.44
4119,CA-2015-153416,11/24/2018,TS-21340,454.86
4120,CA-2015-153416,11/24/2018,TS-21340,91.39
4122,CA-2017-133823,5/11/2020,LP-17080,37.44
4123,CA-2017-133823,5/11/2020,LP-17080,37.59
4124,CA-2017-133823,5/11/2020,LP-17080,26.03
4125,CA-2014-127523,5/11/2017,BG-11695,35.91
4126,CA-2017-123239,7/27/2020,MG-18145,91.03
4127,CA-2017-156769,5/6/2020,GZ-14470,54.66
4128,CA-2014-127299,9/19/2017,JL-15835,67.34
4129,CA-2014-127299,9/19/2017,JL-15835,2624.99
4130,CA-2015-121272,3/29/2018,DO-13435,73.28
4131,CA-2014-115336,11/18/2017,AB-10600,14.48
4132,CA-2015-111703,7/2/2018,KB-16315,11.95
4133,CA-2015-111703,7/2/2018,KB-16315,15.55
4134,CA-2014-128839,9/8/2017,TT-21070,45.00
4135,CA-2014-128839,9/8/2017,TT-21070,209.97
4139,CA-2016-117226,12/30/2019,KD-16495,6.92
4142,CA-2016-136287,6/13/2019,SS-20590,18.90
4143,US-2014-107699,5/19/2017,JH-15820,57.42
4144,CA-2017-112725,1/30/2020,EH-14125,12.74
4145,CA-2017-112725,1/30/2020,EH-14125,8.82
4146,CA-2017-112725,1/30/2020,EH-14125,120.78
4147,CA-2015-136196,11/28/2018,TP-21415,322.59
4155,CA-2016-139689,12/29/2019,MP-17965,38.09
4156,CA-2016-139689,12/29/2019,MP-17965,2.81
4157,CA-2015-101091,12/5/2018,SW-20245,47.98
4158,CA-2015-101091,12/5/2018,SW-20245,26.06
4159,CA-2014-126907,11/1/2017,SM-20950,15.70
4160,US-2016-164588,4/16/2019,AP-10915,12.84
4161,CA-2017-115546,5/14/2020,AH-10465,539.97
4162,CA-2017-115546,5/14/2020,AH-10465,22.58
4163,CA-2015-163587,3/14/2018,EP-13915,16.52
4164,CA-2015-163587,3/14/2018,EP-13915,671.94
4165,US-2017-106131,1/14/2020,TP-21565,169.06
4166,US-2017-106131,1/14/2020,TP-21565,168.62
4167,CA-2015-160213,3/8/2018,AR-10825,19.44
4168,CA-2014-157924,10/11/2017,HA-14920,31.92
4169,CA-2014-157924,10/11/2017,HA-14920,433.57
4170,CA-2015-100216,4/13/2018,HJ-14875,31.10
4171,CA-2015-100216,4/13/2018,HJ-14875,54.82
4173,CA-2016-152163,7/1/2019,JF-15355,14.20
4174,CA-2016-152163,7/1/2019,JF-15355,12.96
4175,CA-2016-152163,7/1/2019,JF-15355,58.34
4176,CA-2015-154340,11/29/2018,EK-13795,56.30
4177,CA-2014-128846,4/7/2017,RS-19765,629.95
4178,CA-2014-128846,4/7/2017,RS-19765,122.97
4179,CA-2016-148593,6/16/2019,BD-11320,46.35
4180,US-2017-119039,3/6/2020,BF-11170,14.98
4185,CA-2016-143749,12/5/2019,AG-10300,81.94
4186,CA-2016-111493,10/21/2019,CM-12160,98.16
4187,CA-2017-112536,5/18/2020,SG-20890,6.87
4188,CA-2017-112536,5/18/2020,SG-20890,2.00
4189,CA-2017-112536,5/18/2020,SG-20890,8.93
4190,CA-2016-157714,9/26/2019,CS-12175,9.99
4192,CA-2015-129392,7/8/2018,DM-13015,21.12
4193,CA-2015-150875,11/16/2018,HK-14890,696.42
4194,CA-2015-150875,11/16/2018,HK-14890,304.78
4195,CA-2015-154200,6/18/2018,BG-11740,51.98
4196,CA-2016-124233,4/8/2019,CK-12595,24.70
4197,US-2015-134271,4/18/2018,RF-19735,21.93
4198,US-2016-161683,12/3/2019,CJ-12010,394.82
4199,US-2016-161683,12/3/2019,CJ-12010,18.19
4200,CA-2015-143105,12/10/2018,MA-17560,7.31
4201,CA-2015-143105,12/10/2018,MA-17560,799.98
4202,CA-2015-143105,12/10/2018,MA-17560,41.28
4203,CA-2015-143105,12/10/2018,MA-17560,184.66
4204,CA-2014-145387,10/31/2017,AM-10705,49.25
4205,CA-2014-145387,10/31/2017,AM-10705,10.16
4206,CA-2014-145387,10/31/2017,AM-10705,14.76
4207,CA-2014-145387,10/31/2017,AM-10705,34.08
4208,CA-2014-145387,10/31/2017,AM-10705,17.67
4209,CA-2014-145387,10/31/2017,AM-10705,1604.90
4210,CA-2014-145387,10/31/2017,AM-10705,385.69
4212,CA-2014-166457,5/5/2017,PF-19120,9.42
4213,CA-2014-166457,5/5/2017,PF-19120,6.56
4214,CA-2014-166457,5/5/2017,PF-19120,24.56
4215,CA-2016-164637,3/4/2019,RD-19480,128.40
4216,CA-2014-103590,11/30/2017,JL-15505,62.28
4217,CA-2015-111234,2/18/2018,AB-10600,9.24
4218,CA-2017-149881,4/1/2020,NC-18535,482.66
4219,CA-2017-149881,4/1/2020,NC-18535,4799.98
4220,CA-2017-134565,6/11/2020,TB-21400,37.94
4221,CA-2017-134565,6/11/2020,TB-21400,18.29
4222,CA-2017-134565,6/11/2020,TB-21400,385.80
4223,CA-2017-134565,6/11/2020,TB-21400,102.96
4224,CA-2017-134565,6/11/2020,TB-21400,174.42
4225,CA-2016-108644,9/30/2019,SJ-20215,1.96
4226,US-2014-102631,12/13/2017,EB-13840,94.43
4228,CA-2015-154970,1/5/2018,SR-20740,61.58
4229,CA-2016-113803,3/24/2019,VG-21805,22.48
4230,CA-2017-100223,7/5/2020,LS-16945,332.03
4231,CA-2017-100223,7/5/2020,LS-16945,11.39
4232,CA-2017-100223,7/5/2020,LS-16945,15.55
4233,CA-2017-100223,7/5/2020,LS-16945,31.10
4234,CA-2017-100223,7/5/2020,LS-16945,6.32
4235,CA-2014-168823,9/21/2017,MA-17560,11.35
4236,CA-2014-168823,9/21/2017,MA-17560,20.81
4237,CA-2016-162404,7/23/2019,NF-18475,11.42
4239,CA-2017-147144,3/26/2020,MZ-17335,19.83
4241,CA-2014-133704,9/20/2017,MA-17995,43.92
4242,CA-2014-133704,9/20/2017,MA-17995,20.23
4243,CA-2016-159142,4/4/2019,ME-17320,149.97
4244,CA-2016-159142,4/4/2019,ME-17320,27.81
4245,CA-2014-138436,3/26/2017,JD-15895,66.30
4249,CA-2016-157336,12/1/2019,SJ-20500,88.08
4250,CA-2016-157336,12/1/2019,SJ-20500,751.92
4251,CA-2014-168130,9/19/2017,BS-11365,887.10
4252,CA-2015-155068,10/23/2018,RA-19285,55.94
4253,CA-2015-155068,10/23/2018,RA-19285,10.69
4254,CA-2015-155068,10/23/2018,RA-19285,11.82
4258,CA-2015-101924,9/4/2018,KB-16585,9.76
4259,CA-2016-124793,3/14/2019,MM-18280,196.78
4265,US-2016-131611,11/5/2019,EP-13915,863.13
4266,US-2016-131611,11/5/2019,EP-13915,3.56
4267,US-2016-131611,11/5/2019,EP-13915,956.66
4268,US-2016-131611,11/5/2019,EP-13915,12.59
4269,US-2016-131611,11/5/2019,EP-13915,171.96
4270,US-2017-124821,6/25/2020,AM-10705,871.40
4271,CA-2015-166975,11/26/2018,SH-20635,692.47
4272,CA-2016-123806,11/24/2019,LA-16780,207.76
4273,US-2017-158505,7/21/2020,SF-20200,71.93
4274,US-2017-158505,7/21/2020,SF-20200,25.99
4275,CA-2015-142692,10/23/2018,AG-10495,3.59
4276,CA-2015-123456,7/9/2018,KN-16450,48.63
4278,US-2016-107440,4/16/2019,BS-11365,9099.93
4279,US-2016-107440,4/16/2019,BS-11365,9.96
4280,US-2016-107440,4/16/2019,BS-11365,25.30
4281,CA-2014-166989,11/14/2017,RM-19675,11.36
4282,CA-2014-166989,11/14/2017,RM-19675,69.26
4283,CA-2014-103100,12/20/2017,AB-10105,3.69
4284,CA-2014-103100,12/20/2017,AB-10105,1103.97
4285,CA-2015-105690,11/21/2018,CA-11965,246.13
4286,CA-2015-105690,11/21/2018,CA-11965,11.70
4287,CA-2015-105690,11/21/2018,CA-11965,439.99
4289,US-2015-117184,5/17/2018,ON-18715,33.28
4290,US-2015-117184,5/17/2018,ON-18715,14.09
4294,CA-2017-130967,3/10/2020,EB-13870,53.98
4296,CA-2017-169124,7/3/2020,MB-17305,129.39
4303,CA-2014-123253,8/22/2017,DE-13255,3.91
4304,CA-2016-121601,10/4/2019,MO-17500,59.75
4305,CA-2014-162278,10/26/2017,AH-10585,63.92
4306,CA-2014-162278,10/26/2017,AH-10585,383.96
4307,CA-2016-161095,6/28/2019,CS-12250,7.75
4308,CA-2016-161095,6/28/2019,CS-12250,33.57
4309,CA-2014-125829,11/4/2017,WB-21850,666.34
4310,CA-2014-125829,11/4/2017,WB-21850,573.73
4311,CA-2014-125829,11/4/2017,WB-21850,21.94
4312,CA-2014-125829,11/4/2017,WB-21850,19.44
4313,CA-2014-125829,11/4/2017,WB-21850,447.97
4314,CA-2014-123127,9/8/2017,SP-20620,16.78
4315,CA-2015-115945,6/25/2018,AB-10165,20.96
4316,CA-2015-115945,6/25/2018,AB-10165,88.75
4317,CA-2015-115945,6/25/2018,AB-10165,304.23
4318,CA-2015-136735,7/26/2018,HA-14920,167.86
4320,CA-2014-152345,12/29/2017,ST-20530,23.98
4321,CA-2014-152345,12/29/2017,ST-20530,33.29
4322,US-2015-147662,2/14/2018,KB-16315,14.95
4323,US-2015-147662,2/14/2018,KB-16315,323.98
4324,US-2015-147662,2/14/2018,KB-16315,2.29
4325,US-2015-147662,2/14/2018,KB-16315,14.35
4326,US-2015-147662,2/14/2018,KB-16315,71.98
4327,CA-2016-153346,1/25/2019,TB-21355,9.21
4328,CA-2016-153346,1/25/2019,TB-21355,18.00
4329,CA-2017-118360,4/1/2020,JC-15775,42.93
4334,CA-2015-112375,12/21/2018,RD-19720,50.88
4335,CA-2015-112375,12/21/2018,RD-19720,27.31
4336,CA-2015-154795,12/20/2018,GZ-14470,7.92
4337,CA-2015-154795,12/20/2018,GZ-14470,14.37
4338,CA-2015-125234,11/27/2018,SN-20710,107.97
4339,CA-2015-125234,11/27/2018,SN-20710,113.82
4341,US-2014-129609,3/22/2017,VM-21835,16.28
4343,CA-2017-105410,3/19/2020,ND-18370,19.82
4344,CA-2017-105410,3/19/2020,ND-18370,657.50
4345,CA-2017-105410,3/19/2020,ND-18370,99.54
4346,CA-2017-105410,3/19/2020,ND-18370,199.96
4347,CA-2016-120355,9/18/2019,MM-17260,631.78
4348,CA-2016-120355,9/18/2019,MM-17260,60.72
4351,US-2017-100482,4/11/2020,JL-15130,16.77
4352,US-2017-100482,4/11/2020,JL-15130,27.12
4356,CA-2015-155600,12/4/2018,RO-19780,1598.06
4357,CA-2015-155600,12/4/2018,RO-19780,36.96
4361,CA-2016-127642,5/21/2019,CP-12340,111.96
4362,US-2017-163195,2/17/2020,LL-16840,29.16
4363,CA-2017-111332,5/20/2020,NC-18340,131.94
4364,CA-2017-111332,5/20/2020,NC-18340,25.92
4365,CA-2017-111332,5/20/2020,NC-18340,704.76
4366,CA-2017-111332,5/20/2020,NC-18340,7.41
4367,CA-2017-111332,5/20/2020,NC-18340,21.50
4370,US-2016-165078,11/5/2019,MA-17995,104.90
4371,US-2016-165078,11/5/2019,MA-17995,39.68
4372,US-2016-165078,11/5/2019,MA-17995,51.75
4373,US-2017-169320,7/23/2020,LH-16900,11.68
4374,US-2017-169320,7/23/2020,LH-16900,159.75
4375,CA-2016-158575,11/18/2019,SB-20290,103.97
4376,CA-2014-166954,4/25/2017,BT-11305,303.25
4377,CA-2014-166954,4/25/2017,BT-11305,270.72
4378,CA-2014-166954,4/25/2017,BT-11305,1487.04
4379,CA-2015-140830,11/30/2018,PS-18970,17.48
4380,CA-2015-140830,11/30/2018,PS-18970,71.88
4381,CA-2015-152891,10/25/2018,TB-21625,60.45
4382,CA-2015-152891,10/25/2018,TB-21625,253.18
4383,US-2015-122784,7/20/2018,RA-19915,2.88
4384,US-2015-122784,7/20/2018,RA-19915,384.94
4385,US-2015-122784,7/20/2018,RA-19915,153.58
4386,US-2015-122784,7/20/2018,RA-19915,913.43
4387,CA-2016-156811,10/27/2019,BP-11095,43.92
4388,CA-2016-156811,10/27/2019,BP-11095,25.03
4393,CA-2016-108868,9/8/2019,KB-16585,70.37
4394,CA-2016-108868,9/8/2019,KB-16585,59.96
4395,CA-2014-142965,7/20/2017,SW-20245,25.98
4396,CA-2014-142965,7/20/2017,SW-20245,27.36
4397,CA-2016-148740,11/15/2019,AH-10690,361.38
4398,US-2014-138758,7/7/2017,JL-15835,172.19
4399,US-2014-138758,7/7/2017,JL-15835,69.01
4400,CA-2016-131737,3/17/2019,GZ-14470,199.90
4401,CA-2016-131737,3/17/2019,GZ-14470,901.95
4402,CA-2016-131737,3/17/2019,GZ-14470,971.50
4403,CA-2016-114538,12/26/2019,RC-19825,11.33
4404,CA-2014-127936,9/2/2017,CL-12565,21.24
4405,CA-2015-164336,7/5/2018,MW-18220,34.80
4406,CA-2015-164336,7/5/2018,MW-18220,38.98
4407,CA-2016-100041,11/20/2019,BF-10975,9.08
4408,CA-2016-100041,11/20/2019,BF-10975,314.55
4409,CA-2016-100041,11/20/2019,BF-10975,4.91
4410,US-2014-154879,5/6/2017,SN-20710,5.78
4411,US-2014-154879,5/6/2017,SN-20710,107.94
4412,CA-2014-130624,6/21/2017,TB-21280,19.65
4413,CA-2014-130624,6/21/2017,TB-21280,617.97
4414,CA-2014-130624,6/21/2017,TB-21280,59.70
4416,CA-2014-153983,11/29/2017,AH-10210,575.92
4417,CA-2014-153983,11/29/2017,AH-10210,30.40
4418,CA-2017-112900,4/9/2020,KL-16645,478.24
4419,CA-2014-160157,12/20/2017,MH-17455,190.85
4420,CA-2014-139633,12/17/2017,EC-14050,5.48
4421,CA-2015-163090,11/17/2018,GH-14665,40.92
4422,CA-2014-117016,3/4/2017,SC-20095,15.55
4423,CA-2017-159464,5/18/2020,TB-21355,17.24
4424,CA-2017-159464,5/18/2020,TB-21355,302.94
4425,CA-2017-159464,5/18/2020,TB-21355,34.75
4426,CA-2017-159464,5/18/2020,TB-21355,113.94
4427,CA-2017-159464,5/18/2020,TB-21355,55.98
4429,CA-2017-119452,3/21/2020,CL-12565,1805.88
4431,CA-2016-168893,11/3/2019,AP-10915,20.00
4432,CA-2016-168893,11/3/2019,AP-10915,7.98
4433,CA-2016-168893,11/3/2019,AP-10915,24.10
4434,CA-2016-168893,11/3/2019,AP-10915,8.75
4435,CA-2016-168893,11/3/2019,AP-10915,842.94
4436,CA-2016-163398,5/3/2019,CB-12415,2.18
4437,CA-2016-163398,5/3/2019,CB-12415,27.38
4438,CA-2016-163398,5/3/2019,CB-12415,26.41
4439,CA-2016-162726,12/27/2019,MT-17815,10.37
4440,CA-2016-162726,12/27/2019,MT-17815,23.68
4441,US-2016-111290,7/22/2019,DK-13375,109.95
4442,US-2016-111290,7/22/2019,DK-13375,965.85
4443,US-2016-111290,7/22/2019,DK-13375,29.20
4444,US-2016-111290,7/22/2019,DK-13375,32.40
4445,US-2014-147704,11/16/2017,SR-20740,78.35
4446,US-2014-147704,11/16/2017,SR-20740,31.68
4447,US-2014-147704,11/16/2017,SR-20740,29.12
4448,US-2014-147704,11/16/2017,SR-20740,169.45
4449,CA-2015-121965,6/19/2018,LH-17155,12.56
4450,CA-2015-121965,6/19/2018,LH-17155,6.48
4451,CA-2015-121965,6/19/2018,LH-17155,186.69
4452,CA-2016-147137,7/4/2019,AA-10645,25.40
4453,CA-2016-147137,7/4/2019,AA-10645,43.96
4454,CA-2016-147137,7/4/2019,AA-10645,1279.17
4455,CA-2016-147137,7/4/2019,AA-10645,27.92
4456,US-2015-146745,9/3/2018,AS-10630,129.57
4457,US-2015-146745,9/3/2018,AS-10630,6.37
4459,CA-2017-105851,3/13/2020,SE-20110,1332.50
4466,CA-2015-163895,8/7/2018,NS-18640,3.30
4471,CA-2017-156895,5/8/2020,DJ-13510,128.06
4480,CA-2014-147235,3/24/2017,CD-11920,24.90
4481,CA-2016-109365,11/3/2019,XP-21865,15.26
4482,CA-2016-109365,11/3/2019,XP-21865,43.32
4483,CA-2016-109365,11/3/2019,XP-21865,43.58
4484,CA-2016-109365,11/3/2019,XP-21865,116.28
4485,CA-2016-109365,11/3/2019,XP-21865,9.30
4486,CA-2016-109365,11/3/2019,XP-21865,19.44
4487,CA-2016-109365,11/3/2019,XP-21865,314.55
4488,CA-2015-162621,9/5/2018,CA-12055,16.27
4489,CA-2015-162621,9/5/2018,CA-12055,69.12
4490,CA-2015-162621,9/5/2018,CA-12055,4.47
4492,CA-2014-150798,12/1/2017,JK-15730,659.99
4493,CA-2014-150798,12/1/2017,JK-15730,8.13
4494,CA-2014-150798,12/1/2017,JK-15730,36.29
4495,CA-2014-150798,12/1/2017,JK-15730,909.72
4496,CA-2017-112753,6/18/2020,CC-12670,917.92
4497,CA-2017-112753,6/18/2020,CC-12670,38.88
4499,CA-2014-103401,11/21/2017,GR-14560,12.96
4500,CA-2016-124814,4/10/2019,FM-14215,12.96
4501,CA-2016-124814,4/10/2019,FM-14215,23.20
4502,CA-2014-116757,6/30/2017,MS-17980,25.92
4503,CA-2014-116757,6/30/2017,MS-17980,21.31
4504,US-2014-138247,12/24/2017,BF-11170,173.66
4505,US-2014-138247,12/24/2017,BF-11170,361.96
4506,US-2014-138247,12/24/2017,BF-11170,62.85
4507,US-2014-138247,12/24/2017,BF-11170,818.38
4508,US-2014-138247,12/24/2017,BF-11170,20.34
4509,US-2014-138247,12/24/2017,BF-11170,23.99
4510,CA-2017-167003,5/23/2020,VS-21820,171.29
4511,CA-2016-119935,11/10/2019,KM-16225,37.30
4512,CA-2016-119935,11/10/2019,KM-16225,81.96
4513,CA-2016-118969,10/2/2019,LP-17095,54.79
4514,CA-2016-145240,9/6/2019,BG-11740,10.78
4515,CA-2016-120873,10/27/2019,BW-11200,290.98
4517,US-2016-128678,9/15/2019,RB-19570,21.40
4518,US-2016-128678,9/15/2019,RB-19570,48.66
4519,CA-2016-101385,9/25/2019,JW-16075,16.56
4520,CA-2017-107167,6/10/2020,ND-18460,1347.52
4521,CA-2014-109491,2/20/2017,LC-16930,62.31
4522,CA-2014-109491,2/20/2017,LC-16930,20.32
4523,CA-2017-105445,2/20/2020,BP-11095,9.43
4524,CA-2014-107454,11/2/2017,RD-19720,34.86
4525,CA-2014-107454,11/2/2017,RD-19720,89.34
4526,US-2017-105046,7/17/2020,BE-11335,269.98
4527,US-2017-105046,7/17/2020,BE-11335,99.90
4528,US-2017-105046,7/17/2020,BE-11335,39.08
4530,CA-2016-134691,11/14/2019,KC-16540,2.30
4531,CA-2016-118759,11/14/2019,MB-17305,408.01
4532,CA-2016-118759,11/14/2019,MB-17305,40.44
4533,CA-2014-140403,10/10/2017,TN-21040,122.35
4534,CA-2014-140403,10/10/2017,TN-21040,15.28
4535,CA-2015-163104,3/19/2018,MC-18130,11.96
4536,CA-2017-138464,7/8/2020,VF-21715,15.84
4537,CA-2017-138464,7/8/2020,VF-21715,86.38
4538,CA-2017-138464,7/8/2020,VF-21715,18.24
4539,CA-2017-138464,7/8/2020,VF-21715,13.12
4540,CA-2015-104129,2/27/2018,ES-14080,105.98
4541,CA-2015-104129,2/27/2018,ES-14080,493.92
4542,US-2017-132206,6/16/2020,MK-17905,5.94
4543,CA-2017-113474,3/30/2020,TM-21490,325.86
4544,CA-2015-126557,7/12/2018,RL-19615,383.61
4545,CA-2015-126557,7/12/2018,RL-19615,148.48
4546,CA-2015-126557,7/12/2018,RL-19615,537.54
4547,CA-2015-126557,7/12/2018,RL-19615,1.93
4548,CA-2015-126557,7/12/2018,RL-19615,6.91
4549,CA-2015-126557,7/12/2018,RL-19615,7.76
4550,CA-2015-126557,7/12/2018,RL-19615,659.17
4551,US-2017-107636,4/30/2020,NM-18520,5.76
4552,US-2014-165862,7/13/2017,GK-14620,351.22
4553,US-2014-106334,12/27/2017,JF-15490,230.28
4554,US-2014-106334,12/27/2017,JF-15490,12.84
4555,CA-2016-101448,2/27/2019,EB-13930,56.82
4556,CA-2015-130218,3/23/2018,SG-20470,31.56
4557,CA-2015-130218,3/23/2018,SG-20470,27.92
4559,CA-2014-127383,12/31/2017,CM-11815,49.57
4560,CA-2014-110219,5/5/2017,EB-13870,127.87
4561,CA-2015-118871,12/4/2018,HM-14860,271.44
4562,CA-2015-118871,12/4/2018,HM-14860,110.35
4563,CA-2015-118871,12/4/2018,HM-14860,36.40
4565,CA-2014-101175,12/9/2017,DM-12955,100.70
4569,CA-2015-111990,11/8/2018,DB-13660,10.48
4570,CA-2014-169460,4/19/2017,NF-18595,76.14
4571,US-2015-152128,5/25/2018,NM-18445,21.24
4572,US-2015-152128,5/25/2018,NM-18445,127.96
4573,CA-2017-126662,7/17/2020,AB-10255,479.98
4574,CA-2016-139395,12/12/2019,MG-17650,657.93
4575,CA-2016-139395,12/12/2019,MG-17650,33.48
4576,CA-2016-139395,12/12/2019,MG-17650,13.90
4577,CA-2016-139395,12/12/2019,MG-17650,26.86
4578,US-2014-121734,4/11/2017,SE-20110,9.58
4579,CA-2015-110947,6/9/2018,AG-10765,113.10
4580,US-2014-150126,7/27/2017,AS-10045,65.78
4581,CA-2015-164427,7/31/2018,AR-10405,239.70
4582,CA-2016-120250,9/19/2019,AP-10720,25.63
4583,CA-2016-121993,6/10/2019,JB-16000,23.62
4584,US-2016-100405,8/26/2019,TS-21430,8.26
4591,CA-2016-129868,12/26/2019,MC-18130,17.76
4592,CA-2016-129868,12/26/2019,MC-18130,302.38
4593,CA-2016-129868,12/26/2019,MC-18130,146.35
4594,CA-2016-129868,12/26/2019,MC-18130,7.90
4595,CA-2016-129868,12/26/2019,MC-18130,902.71
4596,CA-2016-129868,12/26/2019,MC-18130,53.97
4597,CA-2016-140564,12/5/2019,TC-21475,33.92
4600,CA-2015-146948,7/16/2018,MG-17890,150.98
4601,CA-2015-146948,7/16/2018,MG-17890,137.25
4602,CA-2015-146948,7/16/2018,MG-17890,11.52
4603,US-2015-113327,5/26/2018,BF-11170,18.27
4604,US-2015-113327,5/26/2018,BF-11170,153.73
4605,US-2015-113327,5/26/2018,BF-11170,12.22
4606,US-2015-113327,5/26/2018,BF-11170,167.94
4607,CA-2015-135020,5/28/2018,MS-17770,45.99
4608,CA-2015-135020,5/28/2018,MS-17770,535.41
4609,CA-2015-135020,5/28/2018,MS-17770,6.10
4610,CA-2015-135020,5/28/2018,MS-17770,45.36
4612,CA-2016-109407,1/24/2019,HG-14965,31.36
4613,US-2017-165953,12/31/2019,EP-13915,47.62
4614,US-2017-165953,12/31/2019,EP-13915,23.48
4615,CA-2016-144540,9/5/2019,GH-14410,62.79
4616,CA-2016-144540,9/5/2019,GH-14410,28.44
4617,CA-2015-159863,9/4/2018,DS-13180,134.38
4618,CA-2015-117800,9/21/2018,TH-21550,589.90
4619,CA-2015-117800,9/21/2018,TH-21550,542.94
4622,CA-2015-161214,10/5/2018,SF-20965,77.55
4627,CA-2016-101336,11/13/2019,CK-12760,77.55
4628,CA-2016-101336,11/13/2019,CK-12760,24.88
4629,CA-2016-101336,11/13/2019,CK-12760,140.75
4630,CA-2016-101336,11/13/2019,CK-12760,36.63
4631,US-2015-126235,10/15/2018,GA-14725,17.14
4634,CA-2015-130456,8/21/2018,DS-13180,586.40
4635,CA-2015-130456,8/21/2018,DS-13180,80.98
4636,CA-2017-116288,3/12/2020,BS-11380,242.94
4637,CA-2017-168228,4/27/2020,AP-10915,123.92
4638,CA-2017-168228,4/27/2020,AP-10915,12.39
4639,CA-2017-168228,4/27/2020,AP-10915,47.30
4640,CA-2016-102162,9/11/2019,JF-15565,1599.92
4641,CA-2016-102162,9/11/2019,JF-15565,11.09
4644,CA-2015-147501,8/2/2018,Co-12640,6.37
4645,CA-2015-147501,8/2/2018,Co-12640,558.40
4646,CA-2016-143910,8/12/2019,BC-11125,145.76
4647,CA-2014-146885,5/30/2017,EB-13840,13.62
4648,CA-2016-139556,4/26/2019,DB-13360,434.65
4649,CA-2017-129357,5/14/2020,KB-16585,440.19
4650,CA-2017-129357,5/14/2020,KB-16585,64.40
4651,CA-2017-150987,4/8/2020,AH-10120,244.55
4652,CA-2017-150987,4/8/2020,AH-10120,195.76
4653,CA-2017-132647,2/17/2020,GH-14410,11.76
4654,CA-2017-132647,2/17/2020,GH-14410,166.45
4655,CA-2017-159107,6/24/2020,KT-16480,2.88
4656,CA-2014-160738,5/5/2017,KH-16330,45.25
4657,CA-2015-112130,5/3/2018,SV-20785,59.90
4658,CA-2015-112130,5/3/2018,SV-20785,23.70
4659,CA-2015-112130,5/3/2018,SV-20785,7.97
4660,CA-2015-112130,5/3/2018,SV-20785,18.20
4661,CA-2015-112130,5/3/2018,SV-20785,27.55
4662,CA-2015-112130,5/3/2018,SV-20785,844.12
4663,CA-2015-112130,5/3/2018,SV-20785,76.75
4664,CA-2016-111409,9/18/2019,PO-18850,3.00
4665,CA-2016-116232,9/22/2019,AC-10450,7.51
4666,CA-2016-116232,9/22/2019,AC-10450,16.56
4667,CA-2016-116547,1/10/2019,KB-16585,79.92
4668,CA-2016-116547,1/10/2019,KB-16585,69.98
4669,US-2017-133200,5/6/2020,DB-13555,11.06
4670,US-2017-133200,5/6/2020,DB-13555,623.46
4671,US-2017-133200,5/6/2020,DB-13555,772.68
4672,CA-2016-133550,7/31/2019,KL-16645,283.14
4673,CA-2016-133550,7/31/2019,KL-16645,635.96
4674,CA-2016-133550,7/31/2019,KL-16645,118.99
4675,CA-2016-133550,7/31/2019,KL-16645,272.94
4676,CA-2017-139416,3/27/2020,AG-10270,15.01
4677,CA-2014-114510,3/14/2017,JF-15295,33.09
4678,CA-2014-114510,3/14/2017,JF-15295,80.98
4679,CA-2014-114510,3/14/2017,JF-15295,82.80
4680,CA-2014-114510,3/14/2017,JF-15295,21.36
4681,CA-2014-114510,3/14/2017,JF-15295,62.05
4682,CA-2016-169215,7/14/2019,RE-19450,29.61
4683,CA-2016-127698,12/1/2019,MV-18190,863.93
4684,CA-2016-159912,8/29/2019,GB-14530,241.92
4685,CA-2016-159912,8/29/2019,GB-14530,163.88
4686,CA-2016-159912,8/29/2019,GB-14530,3.49
4687,CA-2016-159912,8/29/2019,GB-14530,10.58
4688,CA-2016-101987,6/24/2019,HL-15040,440.91
4689,US-2017-154851,3/30/2020,BP-11155,5.72
4690,CA-2014-138681,12/20/2017,CT-11995,51.97
4691,CA-2014-138681,12/20/2017,CT-11995,71.98
4692,CA-2014-138681,12/20/2017,CT-11995,242.35
4693,CA-2014-138681,12/20/2017,CT-11995,221.92
4694,CA-2014-138681,12/20/2017,CT-11995,8.45
4695,US-2015-138121,12/17/2018,JL-15835,29.52
4696,US-2015-138121,12/17/2018,JL-15835,302.94
4697,US-2015-138121,12/17/2018,JL-15835,142.36
4698,US-2015-138121,12/17/2018,JL-15835,546.66
4699,US-2015-138121,12/17/2018,JL-15835,212.13
4700,CA-2017-140298,5/11/2020,JK-16120,5.25
4701,CA-2017-140298,5/11/2020,JK-16120,74.42
4702,CA-2017-140298,5/11/2020,JK-16120,6.85
4703,CA-2017-140298,5/11/2020,JK-16120,8.00
4704,CA-2016-166240,6/24/2019,DH-13075,8.71
4705,CA-2016-158435,5/17/2019,AG-10900,65.17
4706,CA-2016-158435,5/17/2019,AG-10900,14.62
4707,CA-2016-158435,5/17/2019,AG-10900,173.24
4708,CA-2017-138149,6/29/2020,WB-21850,895.92
4709,CA-2017-138149,6/29/2020,WB-21850,130.71
4710,CA-2017-138149,6/29/2020,WB-21850,11.68
4711,CA-2017-138149,6/29/2020,WB-21850,62.31
4712,CA-2014-112403,3/31/2017,JO-15280,0.85
4713,CA-2014-108273,12/16/2017,EJ-13720,36.29
4714,CA-2014-108273,12/16/2017,EJ-13720,56.57
4715,CA-2017-121643,5/18/2020,AB-10105,344.70
4716,US-2015-122910,5/12/2018,LT-16765,201.58
4718,CA-2015-129042,12/12/2018,EM-13960,8.22
4719,CA-2015-109736,10/10/2018,DJ-13420,45.36
4720,CA-2015-142601,4/18/2018,DE-13255,947.17
4721,CA-2015-142601,4/18/2018,DE-13255,61.96
4722,CA-2014-106229,6/7/2017,NR-18550,268.94
4724,CA-2016-159653,5/22/2019,JF-15490,14.73
4725,CA-2016-131968,11/11/2019,LB-16795,9.89
4726,CA-2016-131968,11/11/2019,LB-16795,671.54
4727,CA-2014-119151,11/25/2017,MP-18175,1117.92
4728,CA-2014-119151,11/25/2017,MP-18175,275.95
4729,CA-2014-123323,11/7/2017,LH-16900,123.14
4730,CA-2016-124681,7/18/2019,SV-20935,15.58
4731,US-2015-103996,3/29/2018,RB-19435,212.64
4732,US-2015-103996,3/29/2018,RB-19435,9.87
4733,US-2015-103996,3/29/2018,RB-19435,53.25
4734,US-2015-103996,3/29/2018,RB-19435,19.92
4735,CA-2016-120530,4/7/2019,Dl-13600,658.75
4736,CA-2015-155054,6/13/2018,PS-19045,8.26
4737,CA-2015-155054,6/13/2018,PS-19045,29.84
4738,CA-2015-155054,6/13/2018,PS-19045,67.98
4739,CA-2015-105725,2/18/2018,GT-14755,61.06
4740,CA-2015-105725,2/18/2018,GT-14755,35.54
4744,CA-2017-168123,3/5/2020,JD-16060,7.90
4745,CA-2017-168123,3/5/2020,JD-16060,221.16
4746,CA-2017-168123,3/5/2020,JD-16060,127.96
4747,CA-2017-168123,3/5/2020,JD-16060,18.69
4748,CA-2016-120005,3/3/2019,TS-21160,25.35
4749,CA-2016-120005,3/3/2019,TS-21160,35.28
4750,CA-2016-123526,12/24/2019,BV-11245,33.40
4751,CA-2016-127649,10/7/2019,DL-13495,837.60
4752,CA-2016-159989,12/9/2019,EB-13870,40.68
4754,US-2015-167220,12/12/2018,JB-15925,22.37
4755,CA-2017-126354,2/3/2020,SC-20380,3.88
4756,CA-2017-126354,2/3/2020,SC-20380,115.30
4758,US-2017-144582,4/30/2020,TC-21475,43.37
4759,CA-2014-121573,11/3/2017,SG-20605,783.96
4760,CA-2014-121573,11/3/2017,SG-20605,48.90
4761,CA-2014-121573,11/3/2017,SG-20605,7.86
4762,CA-2016-117660,12/30/2019,BM-11785,5.90
4763,CA-2016-117660,12/30/2019,BM-11785,13.71
4764,CA-2014-112851,9/17/2017,NR-18550,182.94
4766,CA-2015-118227,4/24/2018,DB-13270,25.99
4767,CA-2015-123155,3/9/2018,NS-18640,113.52
4768,CA-2015-123155,3/9/2018,NS-18640,359.88
4769,CA-2017-158883,6/2/2020,CS-11860,25.34
4770,US-2016-114888,9/19/2019,CC-12430,11.95
4771,US-2016-114888,9/19/2019,CC-12430,6.24
4772,US-2014-167262,10/31/2017,AC-10450,742.34
4777,CA-2016-101630,2/19/2019,CK-12760,8.67
4778,CA-2016-101630,2/19/2019,CK-12760,25.71
4780,CA-2014-150301,7/8/2017,MH-18025,63.88
4781,CA-2014-159310,11/7/2017,SC-20725,683.14
4782,CA-2014-159310,11/7/2017,SC-20725,1.48
4783,CA-2014-159310,11/7/2017,SC-20725,40.71
4784,US-2017-147984,1/28/2020,GB-14575,279.90
4785,CA-2015-104346,12/11/2018,IM-15070,13.12
4786,CA-2015-104346,12/11/2018,IM-15070,69.58
4787,CA-2015-104346,12/11/2018,IM-15070,4.22
4788,CA-2015-104346,12/11/2018,IM-15070,58.08
4789,CA-2015-104346,12/11/2018,IM-15070,52.42
4790,CA-2015-104346,12/11/2018,IM-15070,54.92
4791,CA-2015-104346,12/11/2018,IM-15070,364.95
4792,CA-2015-104346,12/11/2018,IM-15070,85.06
4793,CA-2015-104346,12/11/2018,IM-15070,27.70
4794,US-2015-141684,6/29/2018,MM-18055,24.96
4795,CA-2015-144722,3/16/2018,MF-18250,43.13
4796,CA-2015-120516,8/13/2018,CK-12595,5.64
4797,US-2016-148901,5/14/2019,MK-17905,57.58
4798,US-2016-148901,5/14/2019,MK-17905,31.10
4799,US-2016-148901,5/14/2019,MK-17905,30.19
4800,US-2016-148901,5/14/2019,MK-17905,43.60
4801,US-2016-148901,5/14/2019,MK-17905,4.77
4802,US-2016-148901,5/14/2019,MK-17905,10.38
4803,US-2016-148901,5/14/2019,MK-17905,13.39
4804,CA-2017-136364,7/13/2020,MH-17455,39.59
4805,CA-2017-136364,7/13/2020,MH-17455,91.01
4806,CA-2015-137708,11/22/2018,NG-18430,37.94
4807,CA-2015-137708,11/22/2018,NG-18430,42.80
4808,CA-2015-137708,11/22/2018,NG-18430,33.63
4809,CA-2014-149055,11/23/2017,PB-19210,62.81
4810,CA-2015-151589,12/27/2018,RE-19450,195.64
4811,CA-2015-151589,12/27/2018,RE-19450,239.90
4812,CA-2016-121370,11/14/2019,EB-14110,380.06
4813,CA-2016-121370,11/14/2019,EB-14110,1199.98
4814,CA-2016-121370,11/14/2019,EB-14110,48.58
4815,CA-2016-111696,5/8/2019,TB-21625,17.94
4816,CA-2014-139598,12/26/2017,MG-17695,18.26
4817,CA-2014-139598,12/26/2017,MG-17695,34.66
4818,CA-2014-139598,12/26/2017,MG-17695,81.55
4819,CA-2014-139598,12/26/2017,MG-17695,227.14
4820,CA-2017-117436,6/8/2020,LW-17125,10.36
4821,CA-2015-140025,4/7/2018,PF-19120,463.25
4822,CA-2015-140025,4/7/2018,PF-19120,383.95
4823,CA-2016-134222,7/10/2019,NZ-18565,44.86
4824,CA-2016-140018,11/21/2019,CK-12205,30.35
4825,CA-2016-140018,11/21/2019,CK-12205,127.55
4826,CA-2016-140018,11/21/2019,CK-12205,77.95
4828,CA-2014-152562,11/1/2017,JO-15145,69.52
4829,CA-2014-152562,11/1/2017,JO-15145,5.64
4830,CA-2016-152408,5/15/2019,TT-21220,13.78
4831,CA-2014-120278,11/7/2017,MS-17365,245.88
4832,CA-2014-120278,11/7/2017,MS-17365,36.63
4833,CA-2014-120278,11/7/2017,MS-17365,22.58
4834,CA-2014-120278,11/7/2017,MS-17365,12.39
4838,CA-2017-106831,6/1/2020,FH-14350,3.80
4839,CA-2017-106831,6/1/2020,FH-14350,27.74
4840,CA-2017-106831,6/1/2020,FH-14350,158.38
4842,CA-2016-136049,12/23/2019,NM-18520,5.55
4844,US-2016-139388,11/7/2019,CC-12475,14.96
4845,US-2014-128685,4/4/2017,MZ-17515,7.18
4846,CA-2015-124044,7/23/2018,MS-17830,10.51
4847,CA-2014-164469,6/25/2017,GK-14620,263.96
4848,CA-2014-164469,6/25/2017,GK-14620,71.63
4849,CA-2014-164469,6/25/2017,GK-14620,9.33
4850,CA-2014-107818,9/8/2017,MC-17275,5.88
4851,CA-2014-107818,9/8/2017,MC-17275,975.92
4852,CA-2014-107818,9/8/2017,MC-17275,303.84
4853,CA-2014-107818,9/8/2017,MC-17275,485.88
4854,CA-2014-113320,12/12/2017,LH-17155,12.54
4855,CA-2014-113320,12/12/2017,LH-17155,8.94
4856,CA-2014-113320,12/12/2017,LH-17155,9.24
4857,CA-2015-137526,1/13/2018,PB-19150,70.01
4858,CA-2015-137526,1/13/2018,PB-19150,77.60
4859,CA-2015-137526,1/13/2018,PB-19150,464.85
4861,CA-2016-101546,12/18/2019,GK-14620,1793.98
4862,CA-2014-138940,4/11/2017,GM-14455,758.35
4863,CA-2016-125164,11/10/2019,SH-19975,20.37
4864,CA-2016-125164,11/10/2019,SH-19975,49.85
4865,CA-2017-163531,6/26/2020,SC-20725,239.97
4872,CA-2017-164042,5/23/2020,KL-16645,1.82
4873,CA-2017-164042,5/23/2020,KL-16645,18.32
4874,CA-2017-164042,5/23/2020,KL-16645,48.82
4875,CA-2017-164042,5/23/2020,KL-16645,1.19
4876,CA-2014-132864,12/2/2017,KN-16390,119.80
4877,US-2014-155817,10/3/2017,SL-20155,61.57
4878,US-2014-155817,10/3/2017,SL-20155,6.19
4879,US-2016-131891,7/29/2019,PW-19240,2.21
4884,CA-2017-104080,3/8/2020,AH-10210,171.20
4885,CA-2017-104080,3/8/2020,AH-10210,3.36
4886,CA-2014-151379,12/16/2017,SC-20695,114.20
4887,CA-2016-163167,11/28/2019,RF-19345,182.67
4888,CA-2016-163167,11/28/2019,RF-19345,101.70
4889,CA-2016-163167,11/28/2019,RF-19345,1126.02
4890,CA-2016-163167,11/28/2019,RF-19345,1263.30
4891,CA-2016-135776,12/23/2019,EH-13765,8.82
4892,CA-2016-135776,12/23/2019,EH-13765,37.94
4893,CA-2016-135776,12/23/2019,EH-13765,4.20
4894,CA-2016-135776,12/23/2019,EH-13765,227.28
4895,CA-2016-135776,12/23/2019,EH-13765,47.90
4896,CA-2016-135776,12/23/2019,EH-13765,61.96
4897,CA-2016-135776,12/23/2019,EH-13765,1117.92
4898,US-2014-122021,10/15/2017,AC-10660,183.37
4899,US-2014-122021,10/15/2017,AC-10660,7.97
4900,CA-2016-130484,8/22/2019,SG-20470,26.35
4903,CA-2017-110884,3/7/2020,SH-20395,25.92
4904,CA-2017-110884,3/7/2020,SH-20395,91.59
4905,US-2014-161613,12/1/2017,MC-17605,674.06
4906,US-2014-146353,10/14/2017,JE-15610,22.92
4907,US-2014-146353,10/14/2017,JE-15610,269.90
4908,CA-2014-133809,11/18/2017,MS-17530,11.81
4909,CA-2014-133809,11/18/2017,MS-17530,9.59
4910,CA-2017-127306,1/14/2020,BH-11710,18.34
4911,CA-2017-127306,1/14/2020,BH-11710,36.29
4912,CA-2017-127306,1/14/2020,BH-11710,111.98
4913,CA-2017-127306,1/14/2020,BH-11710,5.97
4914,CA-2017-127306,1/14/2020,BH-11710,2.51
4915,CA-2015-161830,9/24/2018,ME-17725,35.96
4916,CA-2015-161830,9/24/2018,ME-17725,14.95
4919,CA-2016-160304,1/2/2019,BM-11575,173.94
4920,CA-2016-160304,1/2/2019,BM-11575,231.98
4930,US-2014-138828,9/2/2017,KD-16345,57.75
4931,US-2014-138828,9/2/2017,KD-16345,14.94
4932,CA-2017-143651,3/25/2020,FM-14215,23.10
4933,CA-2015-106978,9/28/2018,ZC-21910,12.54
4934,CA-2015-106978,9/28/2018,ZC-21910,1.08
4935,CA-2015-106978,9/28/2018,ZC-21910,4.51
4936,CA-2015-155124,3/15/2018,KS-16300,16.78
4937,CA-2017-150931,1/6/2020,DP-13390,33.74
4938,CA-2014-157147,1/13/2017,BD-11605,1325.85
4939,CA-2014-157147,1/13/2017,BD-11605,334.00
4940,CA-2014-157147,1/13/2017,BD-11605,19.90
4941,CA-2015-156482,2/6/2018,IL-15100,1268.82
4942,CA-2015-156482,2/6/2018,IL-15100,283.92
4943,CA-2015-156482,2/6/2018,IL-15100,5.68
4945,CA-2016-151372,9/5/2019,JH-15985,96.08
4946,CA-2016-151372,9/5/2019,JH-15985,11.68
4947,CA-2016-151372,9/5/2019,JH-15985,4.36
4948,CA-2014-102085,10/4/2017,JD-16015,29.24
4951,CA-2016-125815,10/28/2019,DL-13330,12.42
4952,CA-2015-144190,6/9/2018,NC-18415,12.96
4954,CA-2015-153906,3/16/2018,MS-17980,85.90
4955,CA-2014-160262,6/9/2017,TS-21205,18.06
4956,CA-2014-160262,6/9/2017,TS-21205,79.14
4957,CA-2014-160262,6/9/2017,TS-21205,37.40
4958,CA-2015-127607,3/20/2018,JK-15730,2.51
4959,CA-2015-127607,3/20/2018,JK-15730,18.86
4960,CA-2016-166226,11/18/2019,TC-21535,61.19
4961,CA-2016-166226,11/18/2019,TC-21535,67.84
4962,CA-2014-156587,3/7/2017,AB-10015,48.71
4963,CA-2014-156587,3/7/2017,AB-10015,17.94
4964,CA-2014-156587,3/7/2017,AB-10015,242.94
4965,CA-2016-141180,5/15/2019,DP-13000,7.76
4966,CA-2015-109708,5/25/2018,CY-12745,467.04
4967,CA-2015-122406,8/2/2018,BE-11455,128.85
4968,CA-2015-122406,8/2/2018,BE-11455,8.40
4969,CA-2015-122406,8/2/2018,BE-11455,199.98
4970,CA-2015-122406,8/2/2018,BE-11455,110.98
4971,US-2016-153815,11/6/2019,KL-16555,207.98
4972,US-2016-153815,11/6/2019,KL-16555,36.11
4973,US-2016-153815,11/6/2019,KL-16555,35.57
4974,US-2016-153815,11/6/2019,KL-16555,88.77
4975,CA-2016-164896,11/7/2019,PS-19045,12.90
4976,CA-2015-142202,9/18/2018,JR-16210,717.12
4977,CA-2015-165050,12/7/2018,AH-10210,21.36
4978,CA-2015-165050,12/7/2018,AH-10210,6.69
4979,CA-2015-165050,12/7/2018,AH-10210,773.94
4980,US-2016-131114,12/9/2019,RW-19630,20.57
4981,US-2016-131114,12/9/2019,RW-19630,4.36
4982,US-2016-131114,12/9/2019,RW-19630,19.04
4983,CA-2014-160066,11/16/2017,AH-10075,5.22
4984,CA-2016-109925,11/6/2019,IM-15070,84.84
4985,CA-2015-160696,9/6/2018,CK-12760,7.24
4986,CA-2014-125171,9/3/2017,AG-10390,14.40
4987,CA-2016-149279,4/24/2019,CL-12700,15.55
4988,CA-2016-149279,4/24/2019,CL-12700,1325.76
4989,CA-2016-149279,4/24/2019,CL-12700,3.11
4993,CA-2015-153038,12/18/2018,RB-19645,55.94
4994,CA-2015-153038,12/18/2018,RB-19645,18.43
4995,CA-2015-153038,12/18/2018,RB-19645,20.32
4996,CA-2014-132227,11/4/2017,SZ-20035,52.06
4997,CA-2017-155824,3/10/2020,KS-16300,48.78
4998,CA-2017-155824,3/10/2020,KS-16300,13.09
4999,CA-2016-129238,1/31/2019,SC-20050,109.59
5000,CA-2016-129238,1/31/2019,SC-20050,56.70
5001,CA-2017-159688,5/7/2020,AB-10060,79.99
5002,CA-2016-136126,5/24/2019,EH-14125,69.50
5003,CA-2016-136126,5/24/2019,EH-14125,191.60
5004,CA-2016-155033,10/7/2019,CC-12475,10.56
5005,CA-2014-156006,4/30/2017,TM-21010,47.79
5006,CA-2015-158659,11/10/2018,SC-20695,714.30
5007,CA-2015-169796,11/9/2018,Dp-13240,2321.90
5008,CA-2015-169796,11/9/2018,Dp-13240,17.94
5009,CA-2015-102876,9/7/2018,LR-17035,9.52
5010,CA-2015-102876,9/7/2018,LR-17035,791.96
5011,CA-2015-102876,9/7/2018,LR-17035,4.92
5012,US-2017-139647,5/11/2020,TS-21370,209.98
5013,US-2017-160465,7/21/2020,SW-20350,33.93
5014,US-2017-160465,7/21/2020,SW-20350,222.32
5015,US-2017-160465,7/21/2020,SW-20350,210.56
5016,CA-2014-153850,11/24/2017,TH-21100,35.17
5017,CA-2014-153850,11/24/2017,TH-21100,1502.38
5018,CA-2014-127558,11/15/2017,SS-20410,10.11
5019,CA-2014-127558,11/15/2017,SS-20410,772.47
5020,CA-2014-127558,11/15/2017,SS-20410,20.46
5021,CA-2017-136511,3/23/2020,MZ-17515,347.58
5022,CA-2016-133795,12/18/2019,JE-15475,72.64
5023,CA-2016-133795,12/18/2019,JE-15475,772.47
5024,CA-2016-133795,12/18/2019,JE-15475,39.92
5025,US-2017-130953,7/29/2020,RF-19735,33.48
5026,US-2017-130953,7/29/2020,RF-19735,461.97
5027,US-2017-130953,7/29/2020,RF-19735,137.62
5028,US-2017-130953,7/29/2020,RF-19735,302.67
5029,CA-2014-151792,9/2/2017,CV-12295,239.98
5030,CA-2017-139304,1/29/2020,VG-21790,8.34
5031,CA-2017-139304,1/29/2020,VG-21790,8.57
5032,CA-2017-139304,1/29/2020,VG-21790,119.62
5033,CA-2016-155166,12/26/2019,BB-11545,212.94
5034,CA-2016-155166,12/26/2019,BB-11545,26.49
5035,CA-2015-103954,8/9/2018,HR-14770,687.40
5036,CA-2014-169803,4/6/2017,SC-20260,653.55
5037,CA-2014-169803,4/6/2017,SC-20260,33.90
5039,CA-2015-136469,7/11/2018,TS-21370,199.84
5040,CA-2015-136469,7/11/2018,TS-21370,716.00
5041,CA-2015-136469,7/11/2018,TS-21370,221.06
5042,CA-2016-158694,11/10/2019,AI-10855,67.71
5043,CA-2016-158694,11/10/2019,AI-10855,129.92
5044,CA-2016-158694,11/10/2019,AI-10855,467.46
5045,CA-2016-158694,11/10/2019,AI-10855,61.40
5046,CA-2016-158694,11/10/2019,AI-10855,720.76
5047,CA-2016-158694,11/10/2019,AI-10855,5.18
5048,CA-2016-158694,11/10/2019,AI-10855,14.70
5049,US-2014-104759,3/31/2017,DD-13570,8.13
5050,US-2014-104759,3/31/2017,DD-13570,79.98
5051,CA-2015-150511,9/18/2018,AB-10060,18.54
5052,CA-2015-134922,11/7/2018,KB-16240,24.40
5053,US-2017-120607,5/19/2020,JC-15775,195.64
5054,CA-2015-141243,1/3/2018,AH-10465,398.40
5055,CA-2015-141243,1/3/2018,AH-10465,7.06
5056,CA-2015-141243,1/3/2018,AH-10465,1352.40
5057,CA-2015-162166,9/8/2018,NM-18520,26.40
5058,CA-2015-162166,9/8/2018,NM-18520,41.88
5059,CA-2016-120796,4/3/2019,CS-11950,99.85
5060,CA-2016-109722,12/5/2019,TP-21130,699.98
5061,CA-2016-109722,12/5/2019,TP-21130,584.82
5062,CA-2015-136798,5/8/2018,DL-12925,43.98
5063,CA-2015-136798,5/8/2018,DL-12925,377.97
5064,CA-2015-136798,5/8/2018,DL-12925,123.96
5068,CA-2017-160934,1/15/2020,TT-21460,21.40
5069,CA-2014-124478,8/8/2017,MA-17560,549.99
5070,CA-2014-124478,8/8/2017,MA-17560,167.54
5071,CA-2014-124478,8/8/2017,MA-17560,38.34
5072,CA-2014-124478,8/8/2017,MA-17560,53.88
5073,CA-2014-124478,8/8/2017,MA-17560,299.98
5074,CA-2015-145485,11/5/2018,JM-16195,62.80
5075,CA-2017-151071,4/25/2020,MB-18085,13.90
5076,CA-2014-134572,4/20/2017,SV-20365,744.10
5077,CA-2014-134572,4/20/2017,SV-20365,44.84
5078,CA-2014-134572,4/20/2017,SV-20365,401.59
5082,US-2015-137533,12/18/2018,JK-15640,20.74
5083,CA-2016-155138,9/8/2019,JM-15580,35.17
5084,CA-2016-155138,9/8/2019,JM-15580,64.70
5085,CA-2016-108350,6/6/2019,SC-20230,105.52
5086,CA-2015-144302,6/19/2018,ME-17320,5.79
5087,CA-2015-109001,3/5/2018,KN-16390,466.16
5088,CA-2015-109001,3/5/2018,KN-16390,10.31
5089,CA-2015-109001,3/5/2018,KN-16390,2.56
5093,CA-2015-119102,5/23/2018,KH-16690,51.45
5094,US-2014-140452,12/6/2017,BK-11260,14.02
5095,US-2014-140452,12/6/2017,BK-11260,214.95
5096,US-2014-140452,12/6/2017,BK-11260,35.04
5097,US-2014-140452,12/6/2017,BK-11260,10.78
5098,US-2014-140452,12/6/2017,BK-11260,4.60
5099,US-2014-140452,12/6/2017,BK-11260,35.17
5100,CA-2015-141936,8/7/2018,PN-18775,19.15
5101,CA-2014-158442,3/17/2017,AZ-10750,4.45
5102,CA-2014-158442,3/17/2017,AZ-10750,5.18
5103,CA-2014-158442,3/17/2017,AZ-10750,15.55
5104,CA-2015-167374,3/26/2018,GM-14500,40.03
5105,CA-2015-167374,3/26/2018,GM-14500,16.78
5106,CA-2014-116568,12/14/2017,BM-11785,186.30
5107,CA-2015-147102,9/19/2018,NH-18610,66.36
5108,CA-2017-132213,4/25/2020,PN-18775,42.05
5109,CA-2017-132213,4/25/2020,PN-18775,67.92
5110,CA-2014-138450,10/18/2017,EH-13765,52.51
5111,CA-2014-138450,10/18/2017,EH-13765,186.91
5112,CA-2014-138450,10/18/2017,EH-13765,10.05
5113,CA-2015-153073,11/13/2018,HA-14905,17.50
5114,CA-2016-147970,1/31/2019,AB-10150,15.55
5115,CA-2016-150658,11/17/2019,MS-17365,10.78
5116,CA-2017-125640,7/25/2020,DD-13570,3.30
5118,CA-2015-127173,9/26/2018,GM-14500,34.44
5119,CA-2015-127173,9/26/2018,GM-14500,629.93
5120,CA-2015-127173,9/26/2018,GM-14500,79.06
5121,CA-2014-149538,4/4/2017,KB-16585,232.55
5122,CA-2014-149538,4/4/2017,KB-16585,99.98
5123,CA-2014-149538,4/4/2017,KB-16585,19.44
5124,CA-2014-149538,4/4/2017,KB-16585,12.96
5125,CA-2014-160766,9/14/2017,DM-13015,464.29
5126,CA-2014-160766,9/14/2017,DM-13015,68.46
5127,CA-2014-160766,9/14/2017,DM-13015,2799.96
5128,CA-2014-160766,9/14/2017,DM-13015,601.30
5129,CA-2014-160766,9/14/2017,DM-13015,16.99
5130,CA-2014-160766,9/14/2017,DM-13015,287.97
5131,CA-2014-160766,9/14/2017,DM-13015,44.82
5133,CA-2015-123330,6/21/2018,EP-13915,107.98
5136,CA-2016-151323,10/23/2019,AB-10255,17.05
5137,CA-2015-146696,12/14/2018,RD-19480,8.10
5138,CA-2016-128972,11/13/2019,TS-21430,30.36
5141,CA-2015-154886,11/8/2018,SW-20455,119.90
5142,CA-2016-111213,4/1/2019,FP-14320,1317.49
5143,CA-2016-111213,4/1/2019,FP-14320,63.84
5144,CA-2016-111213,4/1/2019,FP-14320,3.59
5145,CA-2017-161333,2/2/2020,JL-15835,86.26
5146,CA-2017-161333,2/2/2020,JL-15835,139.04
5147,CA-2017-161333,2/2/2020,JL-15835,46.80
5150,CA-2014-141796,6/21/2017,JG-15160,1214.85
5151,CA-2017-125101,3/6/2020,SH-19975,67.78
5153,US-2014-121566,6/30/2017,CS-11860,2.69
5154,US-2014-121566,6/30/2017,CS-11860,6.60
5155,US-2015-124219,8/7/2018,KW-16570,28.40
5156,US-2015-124219,8/7/2018,KW-16570,212.94
5157,CA-2017-163006,6/30/2020,GH-14410,1001.58
5158,CA-2017-163006,6/30/2020,GH-14410,569.06
5159,CA-2017-163006,6/30/2020,GH-14410,14.22
5160,CA-2015-156146,10/26/2018,AG-10495,105.58
5161,CA-2015-156146,10/26/2018,AG-10495,68.72
5162,CA-2014-111192,7/30/2017,TS-21430,1367.84
5163,CA-2016-115378,11/18/2019,AJ-10945,301.96
5164,CA-2015-161627,7/6/2018,SJ-20215,170.35
5165,CA-2014-121006,11/10/2017,SC-20020,3.90
5166,CA-2014-121006,11/10/2017,SC-20020,12.84
5167,CA-2014-121006,11/10/2017,SC-20020,15.84
5168,CA-2014-121006,11/10/2017,SC-20020,563.94
5169,CA-2014-121006,11/10/2017,SC-20020,62.94
5170,CA-2014-121006,11/10/2017,SC-20020,535.41
5171,CA-2016-122903,5/27/2019,LA-16780,3504.90
5172,CA-2016-122903,5/27/2019,LA-16780,144.12
5173,CA-2016-122903,5/27/2019,LA-16780,314.55
5174,CA-2015-107741,3/8/2018,FC-14335,3.41
5177,CA-2016-148908,11/5/2019,JH-15985,53.25
5178,CA-2016-123015,12/26/2019,AJ-10795,4.99
5179,US-2015-120502,4/13/2018,BT-11395,37.68
5180,US-2015-120502,4/13/2018,BT-11395,258.58
5181,US-2015-120502,4/13/2018,BT-11395,75.84
5186,CA-2015-134719,10/10/2018,JD-15790,1801.63
5187,US-2015-154389,11/27/2018,EH-14125,748.75
5188,CA-2015-115567,9/13/2018,ZC-21910,199.96
5189,CA-2015-115567,9/13/2018,ZC-21910,1516.20
5192,US-2017-141943,5/5/2020,DK-12985,23.16
5193,CA-2014-101560,11/28/2017,CS-12250,397.60
5194,CA-2014-101560,11/28/2017,CS-12250,85.96
5195,CA-2014-101560,11/28/2017,CS-12250,13.12
5196,CA-2014-101560,11/28/2017,CS-12250,45.66
5197,CA-2014-159709,5/10/2017,AI-10855,158.13
5198,CA-2014-159709,5/10/2017,AI-10855,43.60
5199,CA-2016-103982,3/3/2019,AA-10315,3930.07
5200,CA-2016-103982,3/3/2019,AA-10315,2.30
5201,CA-2016-103982,3/3/2019,AA-10315,431.98
5202,CA-2016-103982,3/3/2019,AA-10315,41.72
5203,CA-2015-142454,8/15/2018,RE-19450,104.23
5204,CA-2015-142454,8/15/2018,RE-19450,70.26
5205,CA-2015-102015,9/12/2018,TM-21010,9.26
5206,CA-2015-102015,9/12/2018,TM-21010,105.98
5207,CA-2015-102015,9/12/2018,TM-21010,1.24
5208,CA-2015-102015,9/12/2018,TM-21010,20.70
5209,CA-2015-102015,9/12/2018,TM-21010,28.90
5210,CA-2015-102015,9/12/2018,TM-21010,27.18
5211,CA-2015-156755,1/12/2018,YS-21880,465.18
5212,CA-2015-130876,5/12/2018,AZ-10750,36.63
5213,CA-2016-145898,9/26/2019,CM-12445,51.45
5214,CA-2016-145898,9/26/2019,CM-12445,7.83
5215,CA-2016-145898,9/26/2019,CM-12445,35.40
5216,CA-2016-145898,9/26/2019,CM-12445,29.90
5218,CA-2017-134635,4/15/2020,NS-18640,79.14
5219,CA-2017-167080,6/10/2020,LC-16930,8.40
5221,CA-2014-140487,6/14/2017,SR-20425,212.94
5222,CA-2017-117401,5/18/2020,PP-18955,706.86
5223,CA-2017-117401,5/18/2020,PP-18955,114.95
5224,CA-2017-117401,5/18/2020,PP-18955,43.19
5226,CA-2016-119865,6/21/2019,AS-10090,36.56
5227,CA-2016-119865,6/21/2019,AS-10090,186.14
5228,CA-2016-119865,6/21/2019,AS-10090,353.57
5229,US-2014-147648,11/26/2017,LS-16975,81.98
5230,CA-2017-124436,3/19/2020,SA-20830,14.62
5231,CA-2017-124436,3/19/2020,SA-20830,697.16
5232,CA-2017-124436,3/19/2020,SA-20830,30.93
5233,CA-2017-124436,3/19/2020,SA-20830,27.50
5234,CA-2014-115084,10/18/2017,LS-17200,605.34
5236,CA-2016-111143,11/19/2019,TT-21265,54.96
5237,CA-2014-166744,9/20/2017,DN-13690,164.22
5238,CA-2014-166744,9/20/2017,DN-13690,362.94
5239,CA-2014-166744,9/20/2017,DN-13690,59.98
5240,CA-2016-116561,9/11/2019,EB-14110,332.94
5241,CA-2016-116561,9/11/2019,EB-14110,39.87
5242,CA-2016-110730,9/23/2019,CM-11815,13.68
5244,CA-2016-149454,7/25/2019,KM-16375,10.44
5245,CA-2016-156265,8/2/2019,BF-11020,136.46
5246,CA-2016-156265,8/2/2019,BF-11020,333.58
5247,CA-2016-156265,8/2/2019,BF-11020,12.54
5248,US-2015-168914,5/21/2018,JE-15745,20.77
5250,CA-2015-106215,4/16/2018,BN-11470,12.58
5251,US-2016-169369,12/12/2019,EC-14050,249.95
5252,US-2016-169369,12/12/2019,EC-14050,49.12
5253,CA-2015-132318,10/30/2018,TT-21220,182.91
5254,US-2014-131982,3/7/2017,NP-18685,107.65
5255,CA-2015-125185,3/5/2018,AH-10195,99.37
5256,CA-2015-125185,3/5/2018,AH-10195,33.57
5257,CA-2016-130078,8/8/2019,CC-12145,10.56
5258,US-2017-114034,1/3/2020,DL-13315,38.88
5261,CA-2014-105165,9/7/2017,SZ-20035,196.78
5262,CA-2014-105165,9/7/2017,SZ-20035,2.92
5263,CA-2014-105165,9/7/2017,SZ-20035,200.80
5264,CA-2014-105165,9/7/2017,SZ-20035,46.69
5265,CA-2014-105165,9/7/2017,SZ-20035,21.86
5272,CA-2017-125913,1/16/2020,JO-15145,27.92
5273,CA-2017-125913,1/16/2020,JO-15145,399.67
5274,US-2016-158309,11/26/2019,PA-19060,3.74
5275,CA-2015-162887,11/7/2018,SV-20785,715.20
5278,CA-2014-113859,9/13/2017,BC-11125,340.12
5279,CA-2014-159681,12/7/2017,PO-18850,105.52
5282,CA-2015-105158,9/5/2018,SP-20860,6.16
5283,CA-2015-105158,9/5/2018,SP-20860,36.84
5284,CA-2014-133424,3/30/2017,Dl-13600,15.84
5285,CA-2014-133424,3/30/2017,Dl-13600,44.40
5286,CA-2017-105991,5/5/2020,LH-17020,21.24
5287,CA-2017-105991,5/5/2020,LH-17020,9.55
5288,CA-2017-105991,5/5/2020,LH-17020,89.99
5289,US-2017-136784,4/30/2020,AD-10180,163.96
5290,CA-2014-146283,9/8/2017,KT-16465,17.90
5291,CA-2014-146283,9/8/2017,KT-16465,966.70
5292,CA-2014-146283,9/8/2017,KT-16465,182.11
5293,CA-2017-151218,6/20/2020,PJ-19015,4.46
5294,CA-2015-111073,12/26/2018,MC-18100,51.59
5296,CA-2017-142174,3/4/2020,DP-13000,89.57
5297,CA-2017-108791,7/27/2020,TM-21490,14.89
5298,CA-2017-108791,7/27/2020,TM-21490,543.92
5299,CA-2016-106656,9/23/2019,DV-13045,4.08
5300,CA-2016-106656,9/23/2019,DV-13045,18.90
5301,CA-2016-113831,5/30/2019,AH-10690,2275.50
5302,CA-2016-113831,5/30/2019,AH-10690,1979.70
5303,CA-2016-113831,5/30/2019,AH-10690,62.10
5304,US-2014-139500,11/16/2017,AB-10165,37.30
5305,US-2014-166310,9/21/2017,JS-15940,8.54
5306,US-2016-168410,2/21/2019,BV-11245,68.95
5307,US-2016-168410,2/21/2019,BV-11245,296.37
5308,US-2016-168410,2/21/2019,BV-11245,39.98
5312,CA-2016-123414,8/21/2019,SU-20665,9.22
5313,CA-2016-123414,8/21/2019,SU-20665,28.05
5314,CA-2017-137876,4/30/2020,DJ-13510,64.96
5315,CA-2017-137876,4/30/2020,DJ-13510,30.56
5316,CA-2016-154060,5/2/2019,DL-12865,187.06
5325,CA-2015-119508,12/4/2018,TZ-21580,16.90
5326,CA-2015-119508,12/4/2018,TZ-21580,25.08
5327,CA-2015-152681,1/17/2018,SC-20260,6.68
5328,CA-2014-130813,1/6/2017,LS-17230,19.44
5329,CA-2015-120320,3/5/2018,MV-18190,31.92
5330,CA-2016-111941,12/25/2019,BD-11620,33.57
5331,CA-2016-123120,9/4/2019,CV-12295,63.94
5332,CA-2016-123120,9/4/2019,CV-12295,60.60
5333,CA-2016-123120,9/4/2019,CV-12295,22.72
5334,CA-2014-103331,8/26/2017,KB-16315,10.68
5335,CA-2014-103331,8/26/2017,KB-16315,17.34
5336,CA-2014-103331,8/26/2017,KB-16315,3.38
5337,CA-2015-169278,5/21/2018,ME-18010,26.98
5339,CA-2015-146486,11/9/2018,DV-13465,244.55
5340,CA-2015-146486,11/9/2018,DV-13465,12.24
5341,CA-2015-146486,11/9/2018,DV-13465,13.98
5342,CA-2015-146486,11/9/2018,DV-13465,899.95
5343,US-2014-168501,11/21/2017,JK-15325,1.63
5344,US-2014-168501,11/21/2017,JK-15325,267.96
5345,CA-2015-112053,10/11/2018,SH-20395,31.95
5346,CA-2017-108539,3/21/2020,SC-20725,725.84
5347,CA-2017-108539,3/21/2020,SC-20725,10.90
5348,CA-2017-108539,3/21/2020,SC-20725,8.54
5349,CA-2015-149811,1/4/2018,CS-12250,32.34
5350,CA-2015-149811,1/4/2018,CS-12250,39.90
5352,CA-2016-123932,9/6/2019,YC-21895,41.92
5353,CA-2016-123932,9/6/2019,YC-21895,329.58
5354,US-2016-101616,9/3/2019,CY-12745,87.28
5355,CA-2014-113768,5/13/2017,AH-10030,279.46
5356,CA-2014-113768,5/13/2017,AH-10030,8.00
5357,CA-2016-138037,9/29/2019,AR-10540,27.24
5358,CA-2014-150490,8/5/2017,SS-20590,16.36
5359,CA-2014-150490,8/5/2017,SS-20590,15.78
5360,CA-2014-150490,8/5/2017,SS-20590,45.98
5361,US-2017-126060,4/14/2020,DW-13585,198.27
5362,CA-2017-100951,6/9/2020,NC-18625,720.76
5363,CA-2016-122017,12/29/2019,CD-11920,70.56
5364,CA-2016-122017,12/29/2019,CD-11920,81.96
5365,CA-2014-123477,1/18/2017,DW-13195,64.86
5366,CA-2016-107790,11/20/2019,EH-13990,151.19
5367,CA-2017-158071,6/10/2020,BD-11320,88.78
5368,CA-2017-158071,6/10/2020,BD-11320,11.56
5369,CA-2017-158071,6/10/2020,BD-11320,15.58
5371,US-2017-136721,4/8/2020,NH-18610,273.96
5372,US-2017-136721,4/8/2020,NH-18610,306.90
5373,CA-2015-118738,10/24/2018,AG-10495,15.55
5374,CA-2015-118738,10/24/2018,AG-10495,347.36
5375,CA-2015-118738,10/24/2018,AG-10495,10.37
5376,CA-2017-134152,5/27/2020,RP-19855,98.16
5377,CA-2017-134152,5/27/2020,RP-19855,31.44
5378,CA-2014-125542,12/5/2017,NB-18655,348.49
5379,CA-2014-125542,12/5/2017,NB-18655,172.74
5380,CA-2016-136021,8/14/2019,JM-15580,15.54
5381,CA-2016-136021,8/14/2019,JM-15580,105.55
5382,CA-2016-149195,9/5/2019,DM-13525,25.92
5383,CA-2016-149195,9/5/2019,DM-13525,15.81
5384,CA-2016-149195,9/5/2019,DM-13525,10.37
5385,CA-2017-161410,6/26/2020,CC-12220,358.20
5386,CA-2017-161410,6/26/2020,CC-12220,545.92
5387,CA-2017-152786,3/12/2020,GA-14725,40.41
5388,CA-2017-164707,2/18/2020,CV-12805,167.98
5389,CA-2017-164707,2/18/2020,CV-12805,109.53
5390,CA-2017-164707,2/18/2020,CV-12805,9.82
5392,US-2014-123183,11/19/2017,GR-14560,22.50
5393,US-2014-123183,11/19/2017,GR-14560,9.96
5394,US-2014-123183,11/19/2017,GR-14560,213.08
5395,US-2014-123183,11/19/2017,GR-14560,1025.88
5396,CA-2014-104829,11/18/2017,JG-15805,21.98
5397,US-2016-147340,9/24/2019,EB-13750,63.20
5398,CA-2016-145492,11/20/2019,MC-17605,39.00
5399,CA-2016-163202,9/27/2019,BM-11650,2.91
5400,CA-2016-117681,4/9/2019,HF-14995,556.67
5405,US-2016-143280,2/22/2019,TZ-21580,445.96
5406,US-2016-143280,2/22/2019,TZ-21580,36.24
5407,US-2016-143280,2/22/2019,TZ-21580,10.65
5414,CA-2016-153157,9/11/2019,TB-21625,224.75
5418,CA-2014-132542,10/6/2017,AM-10360,15.36
5419,CA-2015-110877,10/23/2018,JE-15715,36.29
5420,CA-2015-110877,10/23/2018,JE-15715,150.38
5421,US-2016-151827,3/31/2019,CS-11950,280.78
5422,US-2016-151827,3/31/2019,CS-11950,31.98
5423,US-2016-163258,12/29/2019,PF-19225,11.23
5425,US-2017-120649,1/20/2020,JF-15490,3.52
5426,CA-2016-153598,12/3/2019,NM-18520,1649.95
5427,CA-2016-153598,12/3/2019,NM-18520,111.90
5428,US-2016-108497,6/14/2019,MH-17290,599.17
5429,CA-2016-113096,9/2/2019,SZ-20035,46.53
5430,CA-2014-136861,9/5/2017,PR-18880,31.98
5434,CA-2017-129707,4/25/2020,LH-16750,8.90
5435,CA-2015-160171,10/19/2018,RM-19675,1640.70
5436,CA-2015-160171,10/19/2018,RM-19675,270.00
5437,CA-2014-103317,7/5/2017,DM-13525,19.52
5438,CA-2014-103317,7/5/2017,DM-13525,9.81
5439,CA-2014-103317,7/5/2017,DM-13525,213.22
5440,CA-2016-167115,4/4/2019,EH-14185,588.78
5443,CA-2015-148712,4/17/2018,JM-15535,99.60
5444,CA-2015-148712,4/17/2018,JM-15535,62.30
5445,CA-2015-148712,4/17/2018,JM-15535,10.71
5446,CA-2016-128307,7/25/2019,BE-11335,20.94
5447,US-2016-127425,8/26/2019,DR-12880,33.00
5448,US-2016-127425,8/26/2019,DR-12880,249.95
5449,US-2014-119081,9/12/2017,TA-21385,357.93
5450,US-2014-119081,9/12/2017,TA-21385,57.40
5451,US-2014-119081,9/12/2017,TA-21385,331.96
5452,US-2014-119081,9/12/2017,TA-21385,40.56
5453,CA-2016-140613,7/22/2019,KN-16705,86.20
5454,US-2017-108700,5/19/2020,PJ-18835,38.02
5455,CA-2017-160962,4/28/2020,MC-17605,8.38
5456,CA-2017-160962,4/28/2020,MC-17605,6.85
5461,US-2014-107405,3/21/2017,TS-21205,16.27
5463,CA-2014-146591,1/19/2017,TS-21340,32.34
5464,CA-2014-146591,1/19/2017,TS-21340,56.06
5465,CA-2014-146591,1/19/2017,TS-21340,108.72
5466,CA-2014-146591,1/19/2017,TS-21340,181.47
5467,CA-2014-107706,2/14/2017,ST-20530,16.18
5468,CA-2016-122448,6/9/2019,DB-13210,122.35
5469,CA-2014-132451,9/26/2017,KF-16285,585.55
5470,CA-2014-132451,9/26/2017,KF-16285,19.44
5471,CA-2016-158547,5/30/2019,JM-16195,123.92
5476,CA-2017-169691,6/15/2020,Dp-13240,44.40
5477,CA-2017-169691,6/15/2020,Dp-13240,84.55
5478,CA-2017-169691,6/15/2020,Dp-13240,17.94
5479,CA-2016-121356,11/20/2019,SJ-20500,128.40
5480,CA-2014-101770,3/31/2017,KB-16240,1.87
5485,CA-2017-148999,1/30/2020,EB-13870,419.14
5486,CA-2014-107573,12/12/2017,PB-19150,23.47
5487,CA-2015-156608,10/24/2018,MT-18070,3.59
5488,CA-2017-134495,4/1/2020,BF-11020,23.98
5489,CA-2017-134495,4/1/2020,BF-11020,6.26
5490,CA-2017-134495,4/1/2020,BF-11020,20.81
5491,CA-2017-134495,4/1/2020,BF-11020,218.35
5492,CA-2017-164098,1/26/2020,CG-12520,18.16
5493,CA-2014-105249,11/28/2017,DH-13675,7.36
5494,CA-2014-105249,11/28/2017,DH-13675,41.40
5495,CA-2014-105249,11/28/2017,DH-13675,411.33
5496,CA-2015-113523,9/4/2018,SC-20440,7.66
5497,CA-2017-117821,6/12/2020,HG-15025,63.92
5498,CA-2017-164378,7/15/2020,MM-18055,6.56
5499,CA-2017-164378,7/15/2020,MM-18055,7.83
5500,CA-2017-164378,7/15/2020,MM-18055,41.90
5501,CA-2017-164378,7/15/2020,MM-18055,664.15
5502,CA-2017-164378,7/15/2020,MM-18055,8.96
5507,US-2016-162026,10/8/2019,JE-15745,61.96
5508,CA-2016-150000,4/8/2019,PG-18820,17.92
5509,CA-2015-168529,10/8/2018,MB-17305,145.90
5510,US-2017-152569,5/15/2020,JD-16015,56.70
5511,US-2017-152569,5/15/2020,JD-16015,11.12
5512,US-2014-137680,2/24/2017,JH-15430,32.90
5513,US-2014-137680,2/24/2017,JH-15430,22.78
5514,CA-2015-103177,5/30/2018,EN-13780,239.97
5515,CA-2015-103177,5/30/2018,EN-13780,160.32
5516,CA-2015-103177,5/30/2018,EN-13780,128.85
5517,US-2016-138408,11/18/2019,KC-16255,1319.96
5523,CA-2016-110982,6/5/2019,CK-12205,21.55
5524,CA-2016-110982,6/5/2019,CK-12205,58.24
5525,CA-2016-147123,12/10/2019,SJ-20125,80.28
5526,CA-2017-154501,4/30/2020,EA-14035,9.78
5527,CA-2017-166933,4/24/2020,MG-17890,1.81
5528,CA-2015-142055,5/8/2018,AB-10255,37.94
5529,CA-2015-137106,3/31/2018,SC-20260,79.96
5532,US-2016-167472,6/6/2019,CK-12595,179.94
5533,US-2016-167472,6/6/2019,CK-12595,26.85
5534,US-2016-167472,6/6/2019,CK-12595,323.37
5535,US-2016-167472,6/6/2019,CK-12595,59.94
5536,US-2016-167472,6/6/2019,CK-12595,64.14
5537,US-2016-167472,6/6/2019,CK-12595,11.67
5538,US-2016-167472,6/6/2019,CK-12595,12.96
5539,CA-2015-120551,4/13/2018,SS-20590,17.43
5540,US-2017-150595,5/22/2020,LE-16810,181.99
5541,US-2017-150595,5/22/2020,LE-16810,1.59
5542,US-2017-150595,5/22/2020,LE-16810,22.34
5543,CA-2016-134936,12/19/2019,ES-14080,455.97
5544,CA-2016-134936,12/19/2019,ES-14080,10.44
5545,CA-2016-134936,12/19/2019,ES-14080,5.21
5549,CA-2014-159800,11/28/2017,SG-20470,43.68
5550,CA-2014-159800,11/28/2017,SG-20470,139.93
5551,US-2014-159618,11/12/2017,DB-12970,2.67
5552,US-2014-159618,11/12/2017,DB-12970,16.66
5553,US-2014-159618,11/12/2017,DB-12970,79.51
5554,US-2014-159618,11/12/2017,DB-12970,36.29
5555,US-2014-159618,11/12/2017,DB-12970,67.99
5557,CA-2015-125066,12/14/2018,KD-16495,6.16
5558,CA-2015-125066,12/14/2018,KD-16495,56.30
5559,US-2015-114741,12/6/2018,IL-15100,6.48
5560,US-2015-114741,12/6/2018,IL-15100,1325.85
5561,US-2015-114741,12/6/2018,IL-15100,14.94
5562,CA-2017-133263,3/31/2020,JE-15610,34.54
5563,CA-2017-133263,3/31/2020,JE-15610,2999.95
5564,CA-2017-133263,3/31/2020,JE-15610,64.12
5565,CA-2017-157966,3/13/2020,SU-20665,19.46
5566,CA-2017-157966,3/13/2020,SU-20665,209.99
5567,CA-2017-157966,3/13/2020,SU-20665,29.76
5568,CA-2017-157966,3/13/2020,SU-20665,89.77
5569,CA-2017-157966,3/13/2020,SU-20665,959.98
5570,CA-2017-157966,3/13/2020,SU-20665,15.55
5571,CA-2017-157966,3/13/2020,SU-20665,34.36
5572,CA-2014-151162,12/5/2017,EA-14035,98.38
5573,CA-2014-151162,12/5/2017,EA-14035,29.94
5574,CA-2014-151162,12/5/2017,EA-14035,17.47
5575,CA-2014-151162,12/5/2017,EA-14035,36.74
5576,CA-2014-151162,12/5/2017,EA-14035,179.94
5577,CA-2016-136686,12/12/2019,RF-19840,383.64
5578,CA-2016-136686,12/12/2019,RF-19840,56.52
5583,CA-2016-161158,5/9/2019,PS-18970,8.00
5584,CA-2014-116673,12/15/2017,JO-15280,6.16
5588,CA-2015-149993,3/19/2018,GA-14725,10.90
5589,CA-2014-168158,7/19/2017,EM-14140,6.10
5590,CA-2016-115224,12/8/2019,DB-13615,34.05
5591,CA-2016-115224,12/8/2019,DB-13615,352.38
5592,CA-2014-164742,10/13/2017,ML-17395,245.98
5593,CA-2014-164742,10/13/2017,ML-17395,18.94
5597,CA-2015-159779,9/25/2018,SB-20185,68.62
5598,CA-2017-151176,2/13/2020,SV-20785,25.02
5599,CA-2017-151176,2/13/2020,SV-20785,10.71
5600,CA-2014-108903,10/3/2017,DO-13435,55.98
5601,CA-2014-108903,10/3/2017,DO-13435,14.48
5602,CA-2014-108903,10/3/2017,DO-13435,142.49
5603,CA-2016-117919,8/27/2019,TB-21355,14.16
5604,CA-2016-117919,8/27/2019,TB-21355,79.92
5605,CA-2015-142475,12/3/2018,BS-11380,590.35
5606,CA-2016-134516,9/20/2019,FM-14215,17.09
5607,CA-2016-134516,9/20/2019,FM-14215,98.39
5608,CA-2017-105193,3/25/2020,JL-15835,11.05
5609,CA-2015-168634,12/6/2018,AF-10870,7.78
5611,CA-2015-145828,10/5/2018,MB-17305,53.04
5614,CA-2016-147431,2/2/2019,AB-10105,117.96
5615,CA-2016-158001,8/23/2019,JP-15460,21.30
5616,CA-2016-158001,8/23/2019,JP-15460,1040.80
5617,CA-2016-158001,8/23/2019,JP-15460,29.34
5618,CA-2017-125745,6/30/2020,DV-13045,19.52
5619,CA-2015-101154,9/18/2018,CM-12190,443.92
5620,US-2016-124163,9/25/2019,SC-20695,499.95
5621,US-2016-124163,9/25/2019,SC-20695,3.04
5622,US-2016-124163,9/25/2019,SC-20695,201.96
5623,US-2016-124163,9/25/2019,SC-20695,68.64
5624,CA-2016-121748,10/24/2019,VW-21775,100.00
5625,CA-2016-121748,10/24/2019,VW-21775,359.98
5626,CA-2014-126683,9/29/2017,PP-18955,6.16
5627,CA-2014-126683,9/29/2017,PP-18955,2348.82
5628,CA-2017-148810,6/26/2020,DR-12880,13.87
5629,CA-2017-148810,6/26/2020,DR-12880,273.55
5630,US-2016-146066,8/21/2019,RB-19465,815.29
5631,CA-2014-127614,2/11/2017,NF-18385,234.45
5632,CA-2014-127614,2/11/2017,NF-18385,1256.22
5633,CA-2014-127614,2/11/2017,NF-18385,17.46
5634,CA-2016-101742,9/23/2019,CR-12580,10.53
5635,CA-2015-134943,12/5/2018,SU-20665,152.80
5638,CA-2017-113208,3/26/2020,ML-18040,60.84
5639,CA-2014-154893,12/21/2017,GM-14440,1325.76
5640,CA-2014-154893,12/21/2017,GM-14440,572.16
5641,CA-2014-147900,9/23/2017,JK-15640,28.80
5642,CA-2017-106355,4/2/2020,AT-10435,11.12
5643,CA-2016-127985,4/1/2019,DB-12910,7.04
5644,CA-2015-166604,5/15/2018,AH-10690,17.94
5645,CA-2017-120719,3/23/2020,SJ-20125,34.76
5646,CA-2017-127117,4/14/2020,HM-14860,74.45
5647,CA-2015-104241,1/4/2018,AG-10495,192.22
5649,CA-2017-142342,7/17/2020,AJ-10795,32.40
5650,CA-2017-142342,7/17/2020,AJ-10795,57.90
5651,CA-2017-142342,7/17/2020,AJ-10795,10.56
5652,CA-2017-142342,7/17/2020,AJ-10795,1194.17
5654,US-2014-134187,11/4/2017,TH-21235,2.94
5655,CA-2016-145261,12/18/2019,AH-10120,45.24
5656,CA-2016-145261,12/18/2019,AH-10120,18.69
5657,CA-2016-145261,12/18/2019,AH-10120,11.65
5658,CA-2016-145261,12/18/2019,AH-10120,112.78
5659,CA-2016-145261,12/18/2019,AH-10120,377.45
5660,CA-2016-145261,12/18/2019,AH-10120,15.94
5661,CA-2016-145261,12/18/2019,AH-10120,28.68
5662,CA-2016-108875,9/24/2019,CL-12700,21.44
5663,CA-2016-108875,9/24/2019,CL-12700,511.06
5664,CA-2016-141957,7/21/2019,JG-15310,18.66
5665,CA-2016-141957,7/21/2019,JG-15310,11.09
5666,CA-2016-141957,7/21/2019,JG-15310,66.69
5667,CA-2016-141957,7/21/2019,JG-15310,99.49
5668,CA-2016-142405,6/11/2019,SE-20110,14.62
5669,CA-2016-142405,6/11/2019,SE-20110,53.98
5670,CA-2016-142405,6/11/2019,SE-20110,389.97
5671,CA-2015-141012,6/9/2018,TG-21640,355.36
5672,CA-2015-141012,6/9/2018,TG-21640,140.38
5675,CA-2016-146318,1/22/2019,MC-17275,12.96
5676,CA-2014-135993,5/28/2017,PJ-18835,57.41
5677,CA-2014-135993,5/28/2017,PJ-18835,27.60
5678,CA-2014-126802,12/29/2017,ZC-21910,38.98
5679,CA-2016-143924,7/28/2019,SC-20680,20.44
5680,CA-2016-143924,7/28/2019,SC-20680,109.92
5681,CA-2016-141551,9/24/2019,BP-11230,6.38
5682,CA-2016-141551,9/24/2019,BP-11230,6.48
5683,CA-2014-164315,4/2/2017,RD-19585,15.84
5684,CA-2014-164315,4/2/2017,RD-19585,1049.93
5685,CA-2014-164315,4/2/2017,RD-19585,154.90
5686,CA-2015-131072,11/5/2018,KL-16645,98.35
5687,CA-2014-131541,7/28/2017,CK-12205,14.32
5688,CA-2014-131541,7/28/2017,CK-12205,129.89
5689,CA-2014-131541,7/28/2017,CK-12205,48.94
5690,CA-2015-119550,12/26/2018,RB-19705,275.06
5691,US-2015-138093,12/10/2018,KM-16225,27.36
5692,US-2015-138093,12/10/2018,KM-16225,44.75
5693,US-2015-138093,12/10/2018,KM-16225,134.99
5694,US-2015-138093,12/10/2018,KM-16225,26.40
5695,US-2015-138093,12/10/2018,KM-16225,542.94
5696,CA-2016-126165,5/5/2019,AH-10465,71.09
5699,CA-2016-143441,11/5/2019,EB-14170,11.84
5701,CA-2016-125661,11/24/2019,CA-12055,40.75
5702,CA-2016-125661,11/24/2019,CA-12055,139.96
5703,US-2014-123519,12/14/2017,SS-20875,2.62
5704,US-2014-123519,12/14/2017,SS-20875,136.53
5705,US-2014-123519,12/14/2017,SS-20875,263.96
5706,CA-2014-155593,11/3/2017,RP-19390,11.64
5708,US-2015-160857,5/8/2018,NW-18400,79.44
5709,US-2015-160857,5/8/2018,NW-18400,357.93
5710,US-2015-160857,5/8/2018,NW-18400,127.76
5711,US-2015-160857,5/8/2018,NW-18400,2799.94
5712,US-2015-160857,5/8/2018,NW-18400,19.44
5713,CA-2017-115805,7/31/2020,KW-16435,36.79
5714,US-2014-143707,3/1/2017,HR-14770,5.94
5716,CA-2015-124107,10/9/2018,BM-11650,619.95
5717,CA-2015-124107,10/9/2018,BM-11650,29.16
5718,CA-2015-124107,10/9/2018,BM-11650,57.96
5719,CA-2015-124107,10/9/2018,BM-11650,29.40
5720,CA-2017-126550,3/29/2020,RD-19720,81.40
5721,CA-2015-138674,11/14/2018,KB-16585,8.72
5722,CA-2015-138674,11/14/2018,KB-16585,91.18
5723,CA-2015-138674,11/14/2018,KB-16585,159.97
5724,CA-2016-165820,9/26/2019,DW-13585,12.96
5725,CA-2014-103191,9/22/2017,VG-21805,331.54
5726,CA-2015-103933,9/25/2018,DR-12880,899.91
5727,CA-2015-110548,5/4/2018,AH-10690,946.34
5733,CA-2017-143574,6/29/2020,DR-12880,638.82
5734,CA-2017-143574,6/29/2020,DR-12880,30.69
5735,CA-2017-143574,6/29/2020,DR-12880,25.16
5736,CA-2014-111773,6/29/2017,JK-15625,13.92
5737,CA-2014-148614,1/20/2017,MV-17485,19.36
5738,CA-2014-148614,1/20/2017,MV-17485,19.30
5739,CA-2017-156139,12/31/2019,BP-11155,38.38
5740,US-2017-147886,3/28/2020,DH-13075,12.96
5741,US-2017-147886,3/28/2020,DH-13075,26.48
5742,US-2017-147886,3/28/2020,DH-13075,532.72
5743,US-2017-147886,3/28/2020,DH-13075,26.72
5744,US-2017-147886,3/28/2020,DH-13075,20.04
5745,US-2017-147886,3/28/2020,DH-13075,795.48
5746,US-2017-147886,3/28/2020,DH-13075,21.56
5747,CA-2016-113733,12/8/2019,LH-16900,249.58
5748,CA-2016-113733,12/8/2019,LH-16900,68.11
5749,CA-2016-113733,12/8/2019,LH-16900,16.56
5751,CA-2014-145800,5/30/2017,SS-20410,355.46
5752,CA-2016-125850,1/22/2019,FP-14320,44.40
5753,CA-2016-125850,1/22/2019,FP-14320,20.65
5754,CA-2016-118514,2/3/2019,LC-17050,866.40
5755,CA-2015-150749,3/29/2018,AS-10240,5.56
5756,CA-2014-163748,10/14/2017,HG-15025,3.16
5757,CA-2014-163748,10/14/2017,HG-15025,1999.96
5758,CA-2015-119634,8/11/2018,BW-11065,46.15
5759,CA-2015-149300,11/22/2018,BH-11710,32.99
5760,US-2016-111528,12/30/2019,JP-16135,481.32
5761,US-2016-111528,12/30/2019,JP-16135,6.38
5764,CA-2015-162047,11/3/2018,FH-14365,1448.82
5765,CA-2015-117772,9/10/2018,MC-17575,353.88
5766,US-2014-126340,11/8/2017,EB-13870,333.58
5767,CA-2016-149685,10/8/2019,PM-19135,60.14
5769,CA-2015-154900,2/25/2018,SS-20875,3.15
5770,CA-2015-154900,2/25/2018,SS-20875,22.72
5771,CA-2015-103835,9/24/2018,SC-20440,14.91
5772,CA-2015-103835,9/24/2018,SC-20440,1158.12
5773,CA-2015-158939,11/26/2018,EA-14035,599.99
5774,CA-2016-117408,8/31/2019,TP-21130,23.97
5775,CA-2016-142398,4/12/2019,BP-11290,638.29
5776,CA-2016-142398,4/12/2019,BP-11290,13.21
5777,CA-2016-105277,12/4/2019,LM-17065,15.53
5778,CA-2016-112060,12/4/2019,KT-16465,104.85
5779,CA-2014-105270,11/11/2017,AP-10915,30.48
5780,CA-2014-105270,11/11/2017,AP-10915,112.65
5781,US-2015-159513,4/2/2018,JD-15790,71.98
5782,CA-2015-155586,12/12/2018,XP-21865,2.21
5783,CA-2015-155586,12/12/2018,XP-21865,15.52
5784,CA-2015-155586,12/12/2018,XP-21865,36.44
5789,CA-2017-115070,4/10/2020,MG-18205,12.32
5790,CA-2017-115070,4/10/2020,MG-18205,4.42
5796,CA-2014-124856,9/29/2017,LD-17005,1395.54
5797,CA-2014-124856,9/29/2017,LD-17005,117.36
5798,CA-2014-124856,9/29/2017,LD-17005,18.90
5799,CA-2014-124856,9/29/2017,LD-17005,77.52
5800,CA-2014-166716,8/20/2017,CR-12730,421.37
5801,CA-2014-123225,7/11/2017,MN-17935,575.97
5802,CA-2014-123225,7/11/2017,MN-17935,10.37
5803,CA-2015-163440,3/22/2018,RD-19900,15.98
5804,US-2017-106796,5/12/2020,JP-16135,10.27
5807,CA-2016-149783,9/4/2019,DL-13315,12.19
5808,CA-2016-149783,9/4/2019,DL-13315,87.17
5809,CA-2016-149783,9/4/2019,DL-13315,31.74
5810,CA-2016-125017,2/6/2019,KB-16240,132.22
5811,US-2015-163279,3/22/2018,JD-16150,105.52
5812,US-2015-163279,3/22/2018,JD-16150,91.96
5813,US-2015-163279,3/22/2018,JD-16150,1487.98
5814,CA-2015-150196,7/2/2018,SR-20740,19.44
5815,US-2015-106495,6/15/2018,AC-10450,11.67
5816,CA-2014-124730,11/26/2017,LS-17245,279.96
5817,CA-2014-124730,11/26/2017,LS-17245,12.91
5818,CA-2014-124730,11/26/2017,LS-17245,17.09
5819,CA-2014-124730,11/26/2017,LS-17245,93.15
5820,CA-2014-124730,11/26/2017,LS-17245,11.52
5821,CA-2017-117632,5/12/2020,CS-12175,238.62
5822,CA-2017-117632,5/12/2020,CS-12175,7.77
5823,CA-2017-117632,5/12/2020,CS-12175,285.48
5824,CA-2017-117632,5/12/2020,CS-12175,19.17
5825,CA-2014-115056,5/2/2017,AR-10510,26.14
5830,CA-2016-122063,12/3/2019,MM-17920,581.96
5831,CA-2016-122063,12/3/2019,MM-17920,29.98
5832,CA-2015-111206,7/18/2018,RF-19735,519.96
5833,CA-2016-142895,7/21/2019,BP-11290,6.26
5834,CA-2016-142895,7/21/2019,BP-11290,363.92
5835,CA-2015-101868,6/9/2018,MJ-17740,64.20
5836,CA-2015-101868,6/9/2018,MJ-17740,38.52
5837,CA-2015-101868,6/9/2018,MJ-17740,72.60
5839,CA-2015-132948,3/27/2018,MV-17485,83.70
5840,CA-2015-134992,9/22/2018,MG-17875,32.40
5841,CA-2015-134992,9/22/2018,MG-17875,47.98
5842,CA-2015-126725,11/17/2018,BS-11665,415.97
5843,CA-2015-126725,11/17/2018,BS-11665,304.90
5844,CA-2015-126725,11/17/2018,BS-11665,80.96
5845,CA-2015-126725,11/17/2018,BS-11665,777.21
5846,CA-2015-126725,11/17/2018,BS-11665,32.40
5847,CA-2015-126725,11/17/2018,BS-11665,225.57
5848,CA-2015-126725,11/17/2018,BS-11665,36.60
5849,CA-2015-121783,11/10/2018,PO-19180,715.64
5850,CA-2015-121783,11/10/2018,PO-19180,795.51
5851,CA-2015-121783,11/10/2018,PO-19180,549.99
5852,CA-2015-121783,11/10/2018,PO-19180,74.76
5853,CA-2015-121783,11/10/2018,PO-19180,29.22
5854,US-2014-138835,9/10/2017,DA-13450,9.64
5855,CA-2015-112214,8/5/2018,AH-10690,33.49
5856,CA-2015-112214,8/5/2018,AH-10690,23.04
5857,CA-2015-112214,8/5/2018,AH-10690,1.36
5858,CA-2015-112214,8/5/2018,AH-10690,14.76
5860,CA-2015-108119,11/1/2018,MS-17530,301.96
5861,CA-2015-157434,4/29/2018,JK-15640,7.97
5862,CA-2016-101525,5/1/2019,CM-12235,109.92
5863,CA-2016-101525,5/1/2019,CM-12235,19.44
5864,CA-2016-101525,5/1/2019,CM-12235,11.16
5865,US-2014-117968,8/5/2017,RS-19420,79.47
5866,US-2014-117968,8/5/2017,RS-19420,4.56
5867,US-2014-117968,8/5/2017,RS-19420,1133.35
5868,CA-2016-158211,1/4/2019,BP-11185,4.67
5869,CA-2016-158211,1/4/2019,BP-11185,104.58
5870,CA-2016-152247,11/7/2019,MA-17995,1603.14
5871,CA-2016-128223,6/14/2019,EB-13705,1293.49
5872,CA-2016-154235,9/24/2019,RD-19900,127.95
5873,CA-2017-129910,3/30/2020,ME-17320,59.76
5874,CA-2017-133095,6/4/2020,EH-14005,108.08
5875,CA-2017-133095,6/4/2020,EH-14005,9.54
5876,CA-2015-130554,4/7/2018,FM-14290,11.74
5877,CA-2014-152443,5/21/2017,FG-14260,447.86
5878,CA-2014-152443,5/21/2017,FG-14260,17.94
5879,CA-2014-152443,5/21/2017,FG-14260,245.88
5880,CA-2016-133319,9/5/2019,MV-17485,192.16
5881,CA-2016-133935,9/18/2019,JW-15220,801.57
5882,CA-2016-133935,9/18/2019,JW-15220,368.91
5883,CA-2016-133935,9/18/2019,JW-15220,885.53
5884,CA-2016-136301,3/13/2019,EH-13765,28.28
5885,CA-2016-136301,3/13/2019,EH-13765,4912.59
5886,US-2014-109456,10/16/2017,LS-17245,14.35
5887,US-2014-109456,10/16/2017,LS-17245,179.97
5889,CA-2015-147879,5/7/2018,CC-12220,45.68
5890,CA-2016-166625,4/14/2019,JM-15580,25.06
5891,CA-2016-146157,11/21/2019,RD-19720,38.43
5892,CA-2016-146157,11/21/2019,RD-19720,21.57
5893,CA-2016-146157,11/21/2019,RD-19720,81.58
5896,CA-2014-168305,11/1/2017,PL-18925,44.40
5897,CA-2014-168305,11/1/2017,PL-18925,21.40
5898,CA-2016-167682,4/3/2019,ZD-21925,71.12
5899,CA-2016-167682,4/3/2019,ZD-21925,259.96
5900,CA-2017-108000,1/12/2020,LS-16945,9.78
5901,CA-2015-146465,11/20/2018,PB-18805,24.19
5902,CA-2016-159639,11/27/2019,PC-18745,31.56
5908,US-2016-113985,12/2/2019,KD-16495,24.70
5909,US-2016-113985,12/2/2019,KD-16495,59.70
5910,US-2016-113985,12/2/2019,KD-16495,14.52
5911,US-2016-113985,12/2/2019,KD-16495,104.18
5912,CA-2016-155383,12/17/2019,SC-20680,46.53
5913,CA-2014-120432,8/24/2017,DW-13585,25.50
5914,US-2015-126977,9/17/2018,PF-19120,14.90
5915,US-2015-126977,9/17/2018,PF-19120,87.71
5916,US-2015-126977,9/17/2018,PF-19120,199.76
5917,US-2015-126977,9/17/2018,PF-19120,94.60
5918,US-2015-126977,9/17/2018,PF-19120,4228.70
5919,US-2015-126977,9/17/2018,PF-19120,2003.92
5920,US-2015-126977,9/17/2018,PF-19120,209.97
5921,US-2015-126977,9/17/2018,PF-19120,659.90
5922,US-2015-126977,9/17/2018,PF-19120,110.96
5923,US-2015-126977,9/17/2018,PF-19120,67.80
5924,CA-2016-130288,11/26/2019,DK-13225,313.18
5926,CA-2017-150420,6/3/2020,GD-14590,1099.50
5927,US-2014-118997,4/8/2017,RA-19885,1215.92
5928,CA-2014-114314,10/11/2017,DB-13555,7.31
5929,CA-2014-114314,10/11/2017,DB-13555,8.92
5930,US-2017-169551,7/7/2020,RL-19615,87.21
5931,US-2017-169551,7/7/2020,RL-19615,15.55
5932,US-2017-169551,7/7/2020,RL-19615,683.99
5933,US-2017-169551,7/7/2020,RL-19615,13.39
5934,US-2017-169551,7/7/2020,RL-19615,16.78
5935,US-2017-169551,7/7/2020,RL-19615,527.92
5936,CA-2016-103107,7/4/2019,RB-19465,25.40
5937,CA-2016-103107,7/4/2019,RB-19465,177.48
5938,CA-2016-103107,7/4/2019,RB-19465,71.98
5939,CA-2017-122077,5/19/2020,JF-15295,95.99
5940,CA-2017-122077,5/19/2020,JF-15295,13.22
5943,CA-2016-151092,8/6/2019,VG-21790,211.17
5944,CA-2014-104178,8/25/2017,JM-15265,6.28
5945,CA-2014-104178,8/25/2017,JM-15265,95.10
5946,CA-2014-104178,8/25/2017,JM-15265,25.92
5947,CA-2014-104178,8/25/2017,JM-15265,48.84
5948,CA-2015-115924,9/14/2018,BE-11455,25.90
5949,CA-2017-161046,3/5/2020,CB-12535,42.68
5950,CA-2017-161046,3/5/2020,CB-12535,299.97
5951,CA-2017-161046,3/5/2020,CB-12535,262.24
5952,CA-2017-161046,3/5/2020,CB-12535,234.36
5953,US-2017-141698,4/15/2020,SD-20485,20.74
5954,US-2014-105151,3/30/2017,SG-20890,10.50
5955,CA-2014-155796,11/11/2017,TS-21430,23.97
5956,CA-2014-155796,11/11/2017,TS-21430,521.96
5957,CA-2016-127138,3/12/2019,DK-13225,676.55
5958,CA-2016-127138,3/12/2019,DK-13225,154.90
5959,CA-2016-127138,3/12/2019,DK-13225,30.56
5960,CA-2016-127138,3/12/2019,DK-13225,770.35
5961,CA-2017-150602,2/9/2020,ML-17395,21.12
5962,CA-2014-140732,11/11/2017,MA-17560,575.93
5963,CA-2014-140732,11/11/2017,MA-17560,7.78
5964,CA-2014-140732,11/11/2017,MA-17560,123.92
5968,CA-2016-166912,1/15/2019,BE-11335,81.98
5969,CA-2014-141726,7/20/2017,CC-12145,104.85
5970,CA-2014-141726,7/20/2017,CC-12145,8.70
5971,CA-2014-141726,7/20/2017,CC-12145,19.92
5972,CA-2014-141726,7/20/2017,CC-12145,43.02
5973,CA-2017-115105,2/6/2020,BD-11770,240.78
5974,CA-2015-143980,12/25/2018,JK-15640,414.96
5975,CA-2016-135636,10/8/2019,DB-13615,387.72
5976,CA-2017-102155,7/13/2020,RR-19525,360.38
5977,CA-2017-102155,7/13/2020,RR-19525,13.56
5978,CA-2017-116953,4/24/2020,SV-20935,552.00
5979,CA-2014-117765,9/7/2017,RB-19465,429.90
5980,CA-2014-117765,9/7/2017,RB-19465,32.06
5981,CA-2014-117765,9/7/2017,RB-19465,161.96
5982,CA-2014-117765,9/7/2017,RB-19465,19.86
5983,CA-2016-114895,11/21/2019,MV-18190,12.96
5985,CA-2016-163776,7/19/2019,JS-16030,185.58
5986,CA-2016-163776,7/19/2019,JS-16030,77.56
5987,CA-2016-163776,7/19/2019,JS-16030,87.92
5988,CA-2016-163776,7/19/2019,JS-16030,245.94
5989,CA-2016-163776,7/19/2019,JS-16030,8.60
5990,CA-2016-163776,7/19/2019,JS-16030,504.90
5994,CA-2016-162187,12/11/2019,NS-18640,64.96
5995,CA-2016-162187,12/11/2019,NS-18640,13.52
5996,CA-2016-162187,12/11/2019,NS-18640,458.43
5997,CA-2016-162187,12/11/2019,NS-18640,387.14
5998,CA-2016-162187,12/11/2019,NS-18640,328.59
5999,US-2014-112991,12/10/2017,SH-19975,338.35
6000,US-2014-112991,12/10/2017,SH-19975,25.92
6001,US-2014-112991,12/10/2017,SH-19975,91.36
6002,CA-2014-124079,12/13/2017,RF-19345,87.96
6003,CA-2014-124079,12/13/2017,RF-19345,5.21
6006,CA-2015-100657,11/2/2018,SW-20245,109.76
6008,CA-2017-129028,4/1/2020,GB-14530,127.95
6009,CA-2015-135580,12/30/2018,CL-12565,68.52
6010,CA-2015-135580,12/30/2018,CL-12565,74.94
6011,CA-2015-135580,12/30/2018,CL-12565,2548.56
6012,CA-2015-135580,12/30/2018,CL-12565,271.44
6013,CA-2015-135580,12/30/2018,CL-12565,287.88
6014,CA-2016-159016,3/10/2019,KF-16285,14.90
6015,CA-2016-159016,3/10/2019,KF-16285,4158.91
6016,CA-2014-102652,4/6/2017,AY-10555,91.96
6017,CA-2014-102652,4/6/2017,AY-10555,33.11
6018,CA-2014-102652,4/6/2017,AY-10555,19.44
6019,CA-2014-102652,4/6/2017,AY-10555,55.48
6020,CA-2014-152422,10/5/2017,BD-11635,91.92
6021,US-2016-156692,8/13/2019,HG-15025,17.34
6022,US-2016-156692,8/13/2019,HG-15025,71.98
6023,CA-2014-130869,11/17/2017,CB-12025,7.08
6024,US-2017-128832,4/24/2020,LS-16945,69.98
6027,CA-2017-136007,2/23/2020,AC-10615,8.40
6028,CA-2017-136007,2/23/2020,AC-10615,71.96
6029,CA-2016-157364,11/19/2019,LT-17110,18.48
6030,US-2016-112970,11/14/2019,TB-21250,9.84
6031,US-2017-152492,7/6/2020,AH-10585,239.24
6032,CA-2016-101168,12/25/2019,SS-20140,21.12
6033,CA-2017-104010,4/23/2020,TD-20995,54.90
6034,CA-2015-130253,12/14/2018,PP-18955,15.24
6035,US-2015-155369,4/19/2018,PG-18820,19.57
6036,US-2015-155369,4/19/2018,PG-18820,310.39
6037,CA-2016-131205,9/4/2019,AA-10645,42.60
6038,CA-2016-131205,9/4/2019,AA-10645,113.94
6039,CA-2016-131205,9/4/2019,AA-10645,129.92
6040,CA-2016-131205,9/4/2019,AA-10645,5.28
6043,CA-2016-117912,2/4/2019,TB-21520,14.37
6044,CA-2017-145702,5/19/2020,AH-10075,314.35
6045,CA-2017-145702,5/19/2020,AH-10075,27.89
6046,CA-2015-113215,9/3/2018,CP-12085,238.15
6047,CA-2016-154662,6/9/2019,BF-11215,692.94
6048,CA-2015-105571,11/7/2018,CP-12340,16.15
6049,CA-2015-105571,11/7/2018,CP-12340,1345.49
6050,CA-2016-152765,6/15/2019,LS-17245,173.49
6051,CA-2015-153878,4/25/2018,TS-21655,57.75
6052,CA-2015-153878,4/25/2018,TS-21655,272.40
6053,CA-2016-124016,9/23/2019,JS-15940,11.95
6054,CA-2016-124016,9/23/2019,JS-15940,28.00
6055,CA-2016-124016,9/23/2019,JS-15940,12.20
6056,CA-2016-113551,8/18/2019,NF-18385,2.07
6057,CA-2016-113551,8/18/2019,NF-18385,83.84
6058,CA-2014-107524,3/2/2017,KN-16705,11.36
6059,CA-2014-107524,3/2/2017,KN-16705,36.40
6060,CA-2014-138072,12/30/2017,GA-14725,27.97
6061,CA-2015-134201,4/10/2018,EH-14125,142.04
6062,CA-2015-134201,4/10/2018,EH-14125,14.67
6063,CA-2015-111780,12/25/2018,RA-19285,1199.96
6064,CA-2015-111780,12/25/2018,RA-19285,12.60
6065,CA-2015-111780,12/25/2018,RA-19285,17.94
6066,CA-2015-119942,4/5/2018,TT-21070,23.90
6067,CA-2015-151547,1/17/2018,AH-10465,88.96
6068,CA-2017-166695,5/20/2020,CC-12430,518.27
6069,CA-2017-166695,5/20/2020,CC-12430,6.98
6070,CA-2017-166695,5/20/2020,CC-12430,343.20
6072,CA-2015-120901,12/31/2018,BG-11035,152.69
6073,CA-2015-120901,12/31/2018,BG-11035,3.49
6074,CA-2015-120901,12/31/2018,BG-11035,5.89
6077,CA-2016-151561,9/1/2019,PG-18820,468.90
6078,CA-2016-151561,9/1/2019,PG-18820,72.48
6079,CA-2016-151561,9/1/2019,PG-18820,10.95
6080,CA-2016-151561,9/1/2019,PG-18820,191.82
6082,US-2014-165589,2/18/2017,TB-21595,25.16
6083,US-2016-132577,11/22/2019,JE-15475,6.22
6084,US-2016-132577,11/22/2019,JE-15475,23.62
6085,US-2016-132577,11/22/2019,JE-15475,24.03
6086,US-2016-132577,11/22/2019,JE-15475,2.09
6087,US-2016-132577,11/22/2019,JE-15475,4.49
6088,CA-2015-114048,12/14/2018,EH-13945,29.22
6089,CA-2015-137281,6/13/2018,BF-10975,6.48
6106,CA-2015-147011,6/18/2018,HR-14830,13.63
6107,CA-2014-120852,12/20/2017,WB-21850,19.43
6108,CA-2014-120852,12/20/2017,WB-21850,65.44
6109,CA-2016-150007,9/11/2019,AS-10090,6.00
6110,CA-2016-150007,9/11/2019,AS-10090,1.91
6111,CA-2016-124590,11/12/2019,SP-20920,1474.80
6112,CA-2016-124590,11/12/2019,SP-20920,110.10
6113,CA-2016-124590,11/12/2019,SP-20920,16.75
6114,CA-2016-124590,11/12/2019,SP-20920,1537.07
6115,CA-2016-124590,11/12/2019,SP-20920,449.37
6116,CA-2016-133802,3/14/2019,SP-20650,41.90
6117,US-2016-113677,11/13/2019,CM-12655,2279.96
6118,US-2016-113677,11/13/2019,CM-12655,14.94
6124,CA-2015-142139,8/31/2018,SD-20485,20.96
6125,CA-2017-145772,6/3/2020,SS-20140,44.75
6126,CA-2017-145772,6/3/2020,SS-20140,11.96
6127,CA-2017-145772,6/3/2020,SS-20140,3.91
6128,CA-2016-124100,3/31/2019,EH-13990,328.00
6129,US-2014-158400,10/25/2017,AH-10030,49.41
6130,CA-2017-162033,3/26/2020,EM-14200,53.25
6131,CA-2017-162033,3/26/2020,EM-14200,3.76
6132,CA-2014-163447,12/27/2017,TB-21190,767.21
6134,CA-2016-148096,8/16/2019,AO-10810,161.28
6135,CA-2016-146766,11/4/2019,TT-21220,192.80
6136,CA-2015-105613,10/18/2018,KN-16705,27.70
6137,CA-2015-105613,10/18/2018,KN-16705,73.16
6138,US-2016-142251,10/31/2019,FO-14305,32.06
6139,CA-2014-131247,3/30/2017,GA-14725,205.67
6140,US-2015-113593,4/18/2018,NC-18415,115.44
6141,CA-2017-121083,7/9/2020,JF-15190,274.80
6142,CA-2017-121083,7/9/2020,JF-15190,195.64
6143,CA-2017-121083,7/9/2020,JF-15190,257.98
6144,CA-2017-121083,7/9/2020,JF-15190,119.04
6145,CA-2017-151190,6/27/2020,GT-14710,20.07
6146,CA-2014-133543,12/22/2017,KM-16660,11.76
6149,CA-2016-161928,6/27/2019,AC-10660,201.58
6151,US-2016-106600,4/8/2019,RM-19375,354.90
6152,CA-2014-111871,3/18/2017,EK-13795,1198.33
6153,CA-2017-139437,7/3/2020,RD-19585,87.92
6154,CA-2017-151484,4/20/2020,CV-12805,51.97
6155,CA-2017-151484,4/20/2020,CV-12805,51.34
6156,CA-2017-151484,4/20/2020,CV-12805,332.70
6157,CA-2017-151484,4/20/2020,CV-12805,42.41
6158,CA-2016-104150,8/3/2019,AG-10330,81.54
6159,CA-2016-104150,8/3/2019,AG-10330,167.28
6160,CA-2016-161025,12/3/2019,GM-14440,772.68
6161,CA-2014-103989,3/19/2017,MC-17605,323.98
6162,CA-2014-103989,3/19/2017,MC-17605,11.81
6163,CA-2014-103989,3/19/2017,MC-17605,26.16
6164,CA-2014-103989,3/19/2017,MC-17605,33.57
6165,CA-2014-103989,3/19/2017,MC-17605,4.99
6166,CA-2014-103989,3/19/2017,MC-17605,20.02
6167,CA-2014-103989,3/19/2017,MC-17605,170.24
6168,CA-2015-142433,4/20/2018,ES-14020,117.46
6169,CA-2015-132815,9/19/2018,RW-19540,22.96
6170,CA-2014-101266,8/27/2017,MM-17920,13.36
6171,CA-2016-141523,12/19/2019,MH-17440,34.25
6172,CA-2016-141523,12/19/2019,MH-17440,3.52
6173,US-2014-106299,8/2/2017,NZ-18565,26.70
6174,US-2014-106299,8/2/2017,NZ-18565,21.20
6175,US-2014-106299,8/2/2017,NZ-18565,838.38
6176,CA-2015-158421,9/21/2018,GB-14575,1690.04
6177,CA-2015-158421,9/21/2018,GB-14575,85.96
6178,CA-2015-158421,9/21/2018,GB-14575,121.96
6179,CA-2015-158421,9/21/2018,GB-14575,23.92
6180,CA-2015-158421,9/21/2018,GB-14575,63.96
6181,CA-2015-158421,9/21/2018,GB-14575,629.95
6182,CA-2015-158421,9/21/2018,GB-14575,113.73
6183,CA-2015-158421,9/21/2018,GB-14575,14.60
6184,CA-2015-158421,9/21/2018,GB-14575,887.84
6185,CA-2016-143609,12/11/2019,DB-13270,403.92
6186,CA-2015-138331,8/7/2018,JK-15625,106.80
6187,CA-2015-138954,11/15/2018,MH-17785,70.95
6188,CA-2015-138954,11/15/2018,MH-17785,34.94
6189,CA-2015-138954,11/15/2018,MH-17785,119.04
6190,CA-2017-157903,4/4/2020,AM-10705,383.84
6191,CA-2016-157259,12/24/2019,JM-15535,799.56
6198,CA-2015-149909,11/13/2018,RA-19915,63.77
6199,CA-2015-149909,11/13/2018,RA-19915,50.97
6200,CA-2015-149909,11/13/2018,RA-19915,96.08
6201,CA-2015-146675,4/16/2018,SB-20185,1439.97
6202,CA-2015-146675,4/16/2018,SB-20185,43.56
6203,CA-2016-118332,12/16/2019,PK-19075,563.92
6204,CA-2016-133669,10/21/2019,SV-20935,235.15
6206,CA-2016-133697,10/20/2019,CM-12445,51.02
6207,CA-2016-133697,10/20/2019,CM-12445,25.25
6208,CA-2016-133697,10/20/2019,CM-12445,56.69
6215,CA-2014-128538,10/11/2017,AS-10240,7.64
6216,CA-2015-161711,11/28/2018,MC-17425,68.16
6217,CA-2015-161711,11/28/2018,MC-17425,62.24
6218,US-2015-129553,7/27/2018,PG-18820,29.97
6219,CA-2016-160220,10/20/2019,JS-16030,125.70
6220,CA-2016-160220,10/20/2019,JS-16030,191.98
6221,CA-2016-160220,10/20/2019,JS-16030,20.86
6226,CA-2015-133445,10/5/2018,JF-15490,66.29
6227,CA-2015-133445,10/5/2018,JF-15490,291.17
6228,CA-2014-148782,11/2/2017,PO-18850,88.78
6229,CA-2016-148208,1/22/2019,BT-11530,110.38
6230,CA-2016-148208,1/22/2019,BT-11530,55.18
6231,CA-2017-127656,7/11/2020,NW-18400,30.32
6237,CA-2016-144400,2/23/2019,AC-10420,57.58
6238,US-2016-155180,1/22/2019,TB-21280,26.34
6239,CA-2015-134075,12/12/2018,HA-14905,166.50
6240,CA-2015-134075,12/12/2018,HA-14905,360.38
6241,US-2016-131912,10/29/2019,LH-17155,11.74
6242,CA-2017-141572,5/28/2020,LO-17170,247.44
6243,CA-2014-134621,12/21/2017,DP-13390,18.24
6244,CA-2016-165561,11/24/2019,CR-12580,25.35
6245,CA-2015-112305,11/20/2018,KB-16405,119.04
6246,CA-2015-112305,11/20/2018,KB-16405,22.14
6247,CA-2015-112305,11/20/2018,KB-16405,13.98
6248,CA-2017-121580,5/29/2020,ML-17410,43.41
6249,CA-2017-121580,5/29/2020,ML-17410,6.24
6250,CA-2017-121580,5/29/2020,ML-17410,465.16
6251,CA-2017-121580,5/29/2020,ML-17410,7.98
6252,CA-2014-101147,12/2/2017,MC-17575,2.39
6253,CA-2014-165806,4/7/2017,VM-21685,58.32
6254,CA-2014-165806,4/7/2017,VM-21685,200.97
6255,CA-2015-151624,9/8/2018,VW-21775,21.36
6257,CA-2015-133977,9/6/2018,AT-10435,3.44
6259,CA-2015-133536,3/28/2018,JH-15820,22.92
6260,CA-2015-150441,8/13/2018,RA-19285,11.36
6261,CA-2015-162607,5/12/2018,RO-19780,14.59
6262,CA-2017-103506,7/23/2020,LR-17035,41.40
6263,CA-2016-132479,9/24/2019,MK-17905,442.37
6264,CA-2017-160724,5/5/2020,YS-21880,34.50
6265,US-2016-115952,10/6/2019,JH-15910,28.85
6266,CA-2014-146731,11/3/2017,AT-10735,3.49
6267,CA-2014-146731,11/3/2017,AT-10735,143.86
6268,CA-2015-115392,10/1/2018,RM-19675,311.98
6269,CA-2015-115392,10/1/2018,RM-19675,22.45
6274,US-2016-139087,7/17/2019,DK-13375,12.42
6275,US-2016-139087,7/17/2019,DK-13375,428.40
6276,US-2016-139087,7/17/2019,DK-13375,24.75
6277,US-2016-139087,7/17/2019,DK-13375,87.71
6278,US-2016-139087,7/17/2019,DK-13375,69.52
6279,US-2016-139087,7/17/2019,DK-13375,20.78
6280,US-2016-139087,7/17/2019,DK-13375,12.82
6281,CA-2017-152226,5/12/2020,JH-15910,5.90
6282,CA-2015-116484,11/20/2018,JK-15205,63.82
6283,CA-2015-116484,11/20/2018,JK-15205,141.55
6284,CA-2016-100944,9/24/2019,EH-13765,304.90
6285,CA-2016-100944,9/24/2019,EH-13765,563.24
6286,CA-2016-125080,10/21/2019,VW-21775,661.18
6287,CA-2016-121020,10/24/2019,CG-12040,239.98
6288,CA-2014-100090,7/8/2017,EB-13705,502.49
6289,CA-2014-100090,7/8/2017,EB-13705,196.70
6290,US-2015-139675,3/13/2018,NF-18595,915.14
6291,US-2015-139675,3/13/2018,NF-18595,327.76
6293,CA-2015-151253,4/22/2018,AZ-10750,88.78
6294,CA-2015-151253,4/22/2018,AZ-10750,64.14
6295,CA-2014-141152,9/16/2017,RF-19345,33.55
6296,CA-2014-141313,12/28/2017,AJ-10780,1737.18
6297,CA-2014-141313,12/28/2017,AJ-10780,704.25
6298,CA-2014-141313,12/28/2017,AJ-10780,141.76
6299,CA-2014-169852,10/21/2017,SF-20965,36.36
6301,US-2014-161305,6/6/2017,SB-20170,24.59
6302,US-2014-161305,6/6/2017,SB-20170,13.98
6304,CA-2017-162712,6/18/2020,NK-18490,74.35
6305,CA-2017-107552,5/5/2020,AI-10855,6.68
6306,CA-2016-163328,11/4/2019,TP-21565,17.58
6307,CA-2016-163328,11/4/2019,TP-21565,104.78
6308,CA-2016-163328,11/4/2019,TP-21565,47.95
6309,CA-2016-163328,11/4/2019,TP-21565,650.35
6310,CA-2016-163328,11/4/2019,TP-21565,629.18
6311,CA-2016-163328,11/4/2019,TP-21565,15.18
6312,CA-2014-112837,9/11/2017,LW-17125,127.95
6313,CA-2017-120019,2/16/2020,NG-18355,579.51
6314,CA-2017-120019,2/16/2020,NG-18355,14.99
6315,CA-2014-100762,11/24/2017,NG-18355,151.92
6316,CA-2014-100762,11/24/2017,NG-18355,196.62
6317,CA-2014-100762,11/24/2017,NG-18355,144.12
6318,CA-2014-100762,11/24/2017,NG-18355,15.96
6322,CA-2014-123316,10/13/2017,SP-20545,7.75
6323,CA-2014-141299,6/3/2017,RB-19795,15.28
6324,CA-2014-104402,6/17/2017,DB-13660,65.97
6325,CA-2015-110289,10/29/2018,NB-18655,33.40
6326,CA-2015-110289,10/29/2018,NB-18655,210.84
6327,CA-2014-167927,1/20/2017,XP-21865,13.98
6328,CA-2014-167927,1/20/2017,XP-21865,272.94
6329,CA-2014-167927,1/20/2017,XP-21865,19.05
6330,CA-2014-167927,1/20/2017,XP-21865,247.72
6331,CA-2014-167927,1/20/2017,XP-21865,66.58
6332,CA-2014-167927,1/20/2017,XP-21865,43.92
6333,CA-2014-167927,1/20/2017,XP-21865,14.73
6334,CA-2014-167927,1/20/2017,XP-21865,29.70
6335,CA-2014-133305,7/11/2017,MH-17455,49.12
6336,CA-2014-133305,7/11/2017,MH-17455,18.28
6337,CA-2016-165995,8/30/2019,BG-11740,47.04
6338,CA-2016-165995,8/30/2019,BG-11740,339.96
6342,US-2017-105830,12/31/2019,DB-13660,156.51
6343,CA-2015-146255,3/7/2018,EM-14140,119.85
6344,CA-2015-146255,3/7/2018,EM-14140,30.44
6345,CA-2015-146255,3/7/2018,EM-14140,69.28
6346,CA-2015-146255,3/7/2018,EM-14140,587.97
6348,CA-2015-104486,5/1/2018,PO-18850,12.18
6349,CA-2015-104486,5/1/2018,PO-18850,37.32
6350,CA-2015-104486,5/1/2018,PO-18850,35.06
6353,US-2015-161347,9/13/2018,HG-14845,2.41
6354,US-2015-109015,9/6/2018,BS-11590,8.39
6355,US-2015-109015,9/6/2018,BS-11590,337.98
6356,CA-2014-110611,10/6/2017,JD-16015,83.92
6357,CA-2017-139080,1/23/2020,CS-12250,19.68
6358,CA-2017-139080,1/23/2020,CS-12250,25.92
6359,CA-2017-139080,1/23/2020,CS-12250,6.48
6360,CA-2017-139080,1/23/2020,CS-12250,86.35
6361,CA-2015-115693,12/10/2018,FC-14245,56.30
6362,US-2014-107993,11/25/2017,SE-20110,51.02
6366,CA-2017-144848,4/4/2020,DS-13030,41.22
6367,CA-2017-144848,4/4/2020,DS-13030,240.37
6368,CA-2017-144848,4/4/2020,DS-13030,119.02
6369,US-2017-147998,5/19/2020,SA-20830,133.12
6370,CA-2016-103919,10/3/2019,TP-21565,38.08
6371,CA-2016-113425,11/21/2019,JK-16120,113.57
6375,CA-2014-107811,4/29/2017,LA-16780,561.58
6376,CA-2014-107811,4/29/2017,LA-16780,99.92
6377,CA-2016-163216,10/7/2019,AW-10930,4.93
6378,US-2016-116442,12/15/2019,BP-11230,14.76
6379,CA-2017-150623,4/10/2020,DB-13360,99.99
6380,CA-2017-150623,4/10/2020,DB-13360,286.15
6381,US-2014-163797,4/8/2017,PC-19000,49.79
6382,CA-2016-127236,3/29/2019,TB-21595,299.97
6383,CA-2016-127236,3/29/2019,TB-21595,158.38
6384,US-2017-104661,1/15/2020,TB-21250,32.78
6385,US-2017-104661,1/15/2020,TB-21250,47.98
6386,US-2017-104661,1/15/2020,TB-21250,62.59
6387,US-2017-104661,1/15/2020,TB-21250,4.28
6388,CA-2014-134103,1/30/2017,MV-18190,10.56
6389,CA-2014-134103,1/30/2017,MV-18190,229.94
6390,CA-2015-147529,2/7/2018,DK-12835,311.15
6391,CA-2015-147529,2/7/2018,DK-12835,12.96
6392,CA-2016-129126,12/14/2019,PK-19075,14.62
6393,CA-2016-129126,12/14/2019,PK-19075,5.76
6394,CA-2016-129126,12/14/2019,PK-19075,21.48
6395,CA-2016-129126,12/14/2019,PK-19075,396.92
6396,CA-2016-129126,12/14/2019,PK-19075,17.15
6397,CA-2016-129126,12/14/2019,PK-19075,23.12
6402,CA-2017-125472,5/30/2020,BD-11725,241.96
6403,CA-2017-125472,5/30/2020,BD-11725,3.89
6404,CA-2017-125472,5/30/2020,BD-11725,8.01
6405,CA-2015-156328,11/30/2018,RM-19375,177.48
6408,CA-2017-161774,5/14/2020,GT-14710,899.43
6409,CA-2017-161774,5/14/2020,GT-14710,46.20
6410,CA-2017-161774,5/14/2020,GT-14710,47.95
6411,CA-2017-161774,5/14/2020,GT-14710,7.99
6412,CA-2017-161774,5/14/2020,GT-14710,76.86
6417,CA-2016-111976,3/8/2019,BD-11620,108.58
6418,CA-2016-111976,3/8/2019,BD-11620,5.98
6419,CA-2016-140130,10/31/2019,HW-14935,21.96
6420,CA-2016-140130,10/31/2019,HW-14935,368.97
6421,CA-2016-140130,10/31/2019,HW-14935,12.39
6422,CA-2016-140130,10/31/2019,HW-14935,332.94
6423,CA-2014-159121,7/26/2017,JO-15145,111.93
6424,CA-2015-149650,10/24/2018,RD-19660,454.27
6426,CA-2016-143714,5/23/2019,CC-12370,8399.98
6427,CA-2016-143714,5/23/2019,CC-12370,6.29
6428,CA-2016-143714,5/23/2019,CC-12370,10.37
6429,CA-2016-143714,5/23/2019,CC-12370,122.38
6430,CA-2014-165764,11/3/2017,SH-20395,25.98
6431,CA-2014-165764,11/3/2017,SH-20395,945.04
6432,CA-2014-165764,11/3/2017,SH-20395,14.30
6433,CA-2014-165764,11/3/2017,SH-20395,410.35
6434,CA-2015-121405,3/30/2018,FC-14335,23.52
6435,CA-2015-121405,3/30/2018,FC-14335,180.96
6436,US-2017-116897,5/27/2020,JG-15160,35.00
6437,US-2017-116897,5/27/2020,JG-15160,477.15
6438,US-2017-116897,5/27/2020,JG-15160,302.38
6440,CA-2014-166891,10/4/2017,CC-12220,589.41
6441,CA-2016-101161,10/13/2019,BW-11110,34.70
6442,CA-2016-101161,10/13/2019,BW-11110,99.87
6443,CA-2016-101161,10/13/2019,BW-11110,37.94
6444,CA-2016-101161,10/13/2019,BW-11110,24.90
6445,CA-2016-101161,10/13/2019,BW-11110,82.26
6446,CA-2015-151785,3/5/2018,JJ-15445,7.10
6447,US-2017-119816,3/4/2020,TT-21460,103.50
6448,US-2017-119816,3/4/2020,TT-21460,2.46
6449,US-2017-119816,3/4/2020,TT-21460,8.72
6450,CA-2015-156510,9/25/2018,EH-13990,10.76
6451,CA-2015-156510,9/25/2018,EH-13990,45.68
6452,CA-2015-156510,9/25/2018,EH-13990,6.70
6453,US-2015-110261,12/19/2018,PR-18880,158.38
6454,CA-2015-125710,10/8/2018,BT-11680,3.44
6455,CA-2017-161102,7/31/2020,EC-14050,56.56
6456,CA-2017-161102,7/31/2020,EC-14050,36.96
6457,CA-2014-110065,8/5/2017,SP-20650,135.99
6458,CA-2014-110065,8/5/2017,SP-20650,15.96
6459,US-2017-133361,5/14/2020,AJ-10780,3.76
6460,US-2017-133361,5/14/2020,AJ-10780,14.70
6461,US-2017-133361,5/14/2020,AJ-10780,37.20
6462,US-2017-133361,5/14/2020,AJ-10780,89.97
6463,US-2017-133361,5/14/2020,AJ-10780,261.96
6464,US-2017-133361,5/14/2020,AJ-10780,74.00
6465,US-2016-155404,9/22/2019,AS-10630,13.28
6466,CA-2015-114503,11/13/2018,AA-10375,84.96
6467,CA-2017-153080,5/22/2020,EH-13945,68.46
6468,CA-2016-163804,12/2/2019,DB-13270,2079.40
6469,CA-2016-163804,12/2/2019,DB-13270,629.95
6470,CA-2016-163804,12/2/2019,DB-13270,72.42
6471,CA-2015-108532,8/29/2018,CC-12100,131.98
6472,CA-2015-108532,8/29/2018,CC-12100,114.52
6473,CA-2014-151897,6/6/2017,VT-21700,100.24
6474,CA-2016-113292,3/18/2019,DB-13060,871.80
6475,CA-2014-149524,1/14/2017,BS-11590,61.96
6476,CA-2017-140872,6/3/2020,NR-18550,4.55
6477,CA-2017-140872,6/3/2020,NR-18550,5.20
6478,CA-2017-140872,6/3/2020,NR-18550,205.99
6479,CA-2017-140872,6/3/2020,NR-18550,15.55
6480,CA-2017-140872,6/3/2020,NR-18550,503.96
6481,CA-2017-140872,6/3/2020,NR-18550,24.47
6482,CA-2017-140872,6/3/2020,NR-18550,241.57
6483,CA-2017-140872,6/3/2020,NR-18550,110.40
6484,CA-2017-113908,6/3/2020,KN-16390,384.77
6485,CA-2017-113908,6/3/2020,KN-16390,78.66
6486,CA-2017-113908,6/3/2020,KN-16390,45.36
6487,CA-2015-120621,3/21/2018,JW-16075,962.08
6488,CA-2015-120621,3/21/2018,JW-16075,12.84
6489,CA-2015-120621,3/21/2018,JW-16075,295.46
6491,CA-2014-149594,9/15/2017,MF-18250,103.94
6492,CA-2016-113845,11/20/2019,FA-14230,289.57
6493,CA-2016-113845,11/20/2019,FA-14230,39.72
6494,CA-2016-113845,11/20/2019,FA-14230,244.77
6498,CA-2015-103135,7/24/2018,SS-20515,20.94
6499,CA-2015-103135,7/24/2018,SS-20515,135.09
6500,CA-2015-103135,7/24/2018,SS-20515,279.86
6501,CA-2015-103135,7/24/2018,SS-20515,90.06
6502,CA-2014-129147,11/2/2017,LC-17050,539.96
6503,CA-2014-129147,11/2/2017,LC-17050,50.23
6504,CA-2014-129147,11/2/2017,LC-17050,19.24
6506,CA-2016-152331,6/26/2019,LD-16855,5.30
6507,US-2016-128909,10/9/2019,SP-20545,19.14
6508,US-2016-128909,10/9/2019,SP-20545,332.83
6512,CA-2017-167640,3/6/2020,FC-14245,23.88
6513,CA-2017-167640,3/6/2020,FC-14245,11.52
6514,CA-2017-167640,3/6/2020,FC-14245,286.93
6515,CA-2017-167640,3/6/2020,FC-14245,206.38
6521,CA-2017-138289,1/16/2020,AR-10540,5443.96
6522,CA-2017-138289,1/16/2020,AR-10540,302.67
6523,CA-2017-138289,1/16/2020,AR-10540,56.07
6524,CA-2016-129308,7/7/2019,CC-12100,10.08
6525,CA-2016-129308,7/7/2019,CC-12100,59.99
6526,CA-2016-129308,7/7/2019,CC-12100,5.72
6527,CA-2016-129308,7/7/2019,CC-12100,9.42
6528,CA-2016-157791,12/23/2019,CA-11965,1999.96
6529,CA-2014-146864,12/22/2017,BT-11530,216.40
6530,CA-2014-103744,2/23/2017,MG-17875,6.94
6531,CA-2014-103744,2/23/2017,MG-17875,4.43
6535,CA-2014-128209,11/17/2017,GT-14710,2152.78
6536,CA-2014-128209,11/17/2017,GT-14710,4007.84
6537,CA-2014-169684,10/20/2017,FH-14365,328.59
6538,CA-2014-169684,10/20/2017,FH-14365,98.35
6539,CA-2015-109862,10/25/2018,HK-14890,158.99
6540,CA-2015-109862,10/25/2018,HK-14890,291.10
6545,US-2017-154872,5/14/2020,DP-13000,58.17
6546,US-2017-154872,5/14/2020,DP-13000,5.04
6547,US-2017-154872,5/14/2020,DP-13000,24.78
6548,CA-2014-113880,3/1/2017,VF-21715,634.12
6549,CA-2014-113880,3/1/2017,VF-21715,17.47
6550,US-2015-164966,7/30/2018,GH-14410,155.88
6551,CA-2015-126739,11/1/2018,JH-16180,327.56
6554,CA-2014-137092,10/20/2017,LS-16975,319.97
6555,CA-2014-137092,10/20/2017,LS-16975,505.32
6556,CA-2014-137092,10/20/2017,LS-16975,3.81
6557,CA-2014-137092,10/20/2017,LS-16975,8.68
6558,CA-2014-137092,10/20/2017,LS-16975,24.42
6559,CA-2015-166947,6/5/2018,EB-13750,1522.64
6560,CA-2016-160941,7/21/2019,DK-12835,419.90
6561,CA-2016-160941,7/21/2019,DK-12835,3.15
6562,CA-2017-144680,3/31/2020,SC-20260,33.62
6563,CA-2014-166086,5/7/2017,CT-11995,16.14
6564,CA-2014-166086,5/7/2017,CT-11995,194.25
6565,CA-2014-166086,5/7/2017,CT-11995,8.64
6566,CA-2014-166086,5/7/2017,CT-11995,872.32
6567,CA-2017-131282,2/5/2020,CB-12025,243.99
6568,CA-2017-131282,2/5/2020,CB-12025,7.12
6569,CA-2014-100678,4/18/2017,KM-16720,2.69
6570,CA-2014-100678,4/18/2017,KM-16720,317.06
6571,CA-2014-100678,4/18/2017,KM-16720,149.35
6572,CA-2014-100678,4/18/2017,KM-16720,227.98
6573,CA-2016-161543,5/10/2019,RD-19720,11.96
6574,CA-2016-160535,11/25/2019,BP-11050,563.40
6575,CA-2016-160535,11/25/2019,BP-11050,319.92
6576,CA-2017-123085,3/3/2020,EJ-13720,1049.44
6577,CA-2017-123085,3/3/2020,EJ-13720,170.35
6578,CA-2015-153752,12/6/2018,RO-19780,173.94
6579,CA-2014-103660,8/25/2017,MW-18220,1007.94
6580,CA-2016-169887,10/22/2019,MS-17530,6.68
6581,CA-2016-169887,10/22/2019,MS-17530,8.34
6582,CA-2016-169887,10/22/2019,MS-17530,101.94
6583,CA-2016-148516,8/7/2019,DW-13585,179.97
6584,CA-2017-104731,7/21/2020,AM-10705,101.94
6585,CA-2017-104731,7/21/2020,AM-10705,271.96
6586,CA-2017-104731,7/21/2020,AM-10705,8.80
6587,CA-2017-104731,7/21/2020,AM-10705,19.68
6588,CA-2017-104731,7/21/2020,AM-10705,302.94
6589,CA-2017-104731,7/21/2020,AM-10705,14.94
6590,CA-2017-104731,7/21/2020,AM-10705,231.72
6591,CA-2014-164749,3/23/2017,BG-11740,9.91
6592,CA-2015-103716,4/30/2018,KB-16585,34.65
6593,CA-2015-103716,4/30/2018,KB-16585,19.80
6594,CA-2016-126795,6/13/2019,GT-14710,33.57
6595,CA-2015-146290,5/4/2018,SV-20815,125.93
6596,CA-2017-157112,4/23/2020,GG-14650,11.76
6597,CA-2017-157112,4/23/2020,GG-14650,5.34
6598,CA-2014-169257,6/6/2017,SV-20785,1.37
6599,CA-2014-169257,6/6/2017,SV-20785,62.02
6600,CA-2014-154095,12/2/2017,ON-18715,60.72
6601,CA-2014-154095,12/2/2017,ON-18715,146.82
6602,CA-2014-154095,12/2/2017,ON-18715,239.84
6603,CA-2014-154095,12/2/2017,ON-18715,15.66
6604,CA-2017-146346,6/17/2020,RA-19945,146.35
6605,CA-2016-148852,5/26/2019,SV-20785,5.94
6606,CA-2016-148852,5/26/2019,SV-20785,45.36
6607,CA-2016-148852,5/26/2019,SV-20785,211.17
6608,CA-2016-148852,5/26/2019,SV-20785,484.70
6609,CA-2016-148852,5/26/2019,SV-20785,371.98
6610,US-2015-118906,3/10/2018,KB-16585,89.82
6611,CA-2016-168921,10/20/2019,AG-10495,19.30
6612,CA-2015-107678,4/21/2018,JK-16090,191.96
6613,CA-2015-107678,4/21/2018,JK-16090,21.30
6614,CA-2015-107678,4/21/2018,JK-16090,469.95
6615,CA-2015-107678,4/21/2018,JK-16090,209.88
6616,CA-2016-123512,6/17/2019,MV-18190,239.67
6617,CA-2016-123512,6/17/2019,MV-18190,22.50
6618,CA-2016-123512,6/17/2019,MV-18190,219.84
6619,US-2017-167402,1/13/2020,CP-12085,32.40
6620,US-2017-167402,1/13/2020,CP-12085,209.94
6621,US-2017-167402,1/13/2020,CP-12085,4164.05
6622,US-2017-167402,1/13/2020,CP-12085,212.94
6623,CA-2014-130449,9/6/2017,VP-21760,41.88
6624,CA-2014-130449,9/6/2017,VP-21760,58.48
6625,CA-2015-141250,1/19/2018,PM-18940,102.44
6626,CA-2015-141250,1/19/2018,PM-18940,199.30
6627,CA-2014-145541,12/14/2017,TB-21400,6999.96
6628,CA-2014-138513,5/23/2017,EH-13990,12.96
6629,CA-2015-135489,9/19/2018,GW-14605,279.86
6630,CA-2015-125696,10/2/2018,NP-18685,7.38
6631,CA-2016-105081,12/25/2019,JE-15715,698.35
6632,CA-2016-105081,12/25/2019,JE-15715,1747.25
6633,US-2016-146857,5/6/2019,BE-11455,54.48
6634,CA-2016-166275,10/24/2019,SS-20590,199.99
6635,CA-2017-144498,5/6/2020,MB-18085,68.54
6636,CA-2017-144498,5/6/2020,MB-18085,627.17
6637,CA-2017-144498,5/6/2020,MB-18085,122.12
6640,CA-2014-108609,10/31/2017,AJ-10780,1421.66
6644,US-2015-156496,8/10/2018,WB-21850,438.37
6645,US-2015-156496,8/10/2018,WB-21850,139.94
6646,US-2015-156496,8/10/2018,WB-21850,133.47
6647,US-2016-127334,12/15/2019,MP-18175,564.19
6648,US-2016-127334,12/15/2019,MP-18175,87.17
6655,CA-2017-135937,2/20/2020,KM-16375,333.58
6656,CA-2017-135937,2/20/2020,KM-16375,31.99
6657,CA-2017-135937,2/20/2020,KM-16375,51.17
6658,CA-2017-135937,2/20/2020,KM-16375,10.64
6659,CA-2017-135937,2/20/2020,KM-16375,68.70
6660,CA-2017-135937,2/20/2020,KM-16375,386.91
6661,CA-2015-129322,8/8/2018,DB-13405,39.66
6662,CA-2015-129322,8/8/2018,DB-13405,113.92
6663,CA-2015-129322,8/8/2018,DB-13405,447.86
6666,CA-2016-115483,7/14/2019,JS-15880,219.84
6667,CA-2017-122175,5/12/2020,CA-12775,42.85
6668,CA-2017-122175,5/12/2020,CA-12775,6.16
6669,CA-2017-122175,5/12/2020,CA-12775,17.00
6670,CA-2017-122175,5/12/2020,CA-12775,87.40
6671,CA-2017-161088,5/25/2020,MH-18115,29.84
6672,CA-2014-154837,8/23/2017,RB-19645,49.57
6673,CA-2015-153794,9/11/2018,SB-20290,265.86
6674,CA-2015-135510,9/5/2018,TW-21025,67.96
6675,CA-2015-109337,11/21/2018,DL-13330,10.92
6676,CA-2015-109337,11/21/2018,DL-13330,83.90
6677,CA-2015-109337,11/21/2018,DL-13330,19.75
6678,CA-2015-109337,11/21/2018,DL-13330,393.54
6679,CA-2014-150329,10/10/2017,SD-20485,46.87
6683,CA-2017-154466,1/1/2020,DP-13390,3.60
6684,CA-2014-109134,11/5/2017,DE-13255,20.04
6685,US-2015-129637,12/17/2018,MC-18100,180.02
6686,US-2015-129637,12/17/2018,MC-18100,41.55
6687,US-2015-129637,12/17/2018,MC-18100,13.12
6688,CA-2015-165162,5/14/2018,HG-15025,1117.92
6689,CA-2017-140494,3/10/2020,CM-11815,111.96
6691,US-2017-165869,7/31/2020,LS-17200,17.52
6692,US-2017-165869,7/31/2020,LS-17200,155.88
6695,US-2016-163538,8/26/2019,SS-20515,47.97
6696,US-2016-155103,12/2/2019,JF-15190,415.18
6697,US-2016-155103,12/2/2019,JF-15190,35.23
6698,US-2016-155103,12/2/2019,JF-15190,54.96
6699,CA-2017-145429,7/21/2020,SW-20455,16.34
6700,CA-2017-145429,7/21/2020,SW-20455,225.30
6701,CA-2017-145429,7/21/2020,SW-20455,50.35
6702,CA-2015-153535,5/20/2018,SG-20470,163.14
6703,CA-2015-153535,5/20/2018,SG-20470,6.41
6704,CA-2015-139164,6/23/2018,CS-12355,217.58
6705,CA-2015-139164,6/23/2018,CS-12355,5.43
6706,CA-2015-139164,6/23/2018,CS-12355,143.98
6707,CA-2016-112277,9/10/2019,SC-20695,519.68
6708,CA-2014-167724,4/13/2017,BF-11170,7.83
6709,CA-2015-123141,11/14/2018,GZ-14470,883.84
6710,CA-2015-123141,11/14/2018,GZ-14470,230.35
6711,CA-2016-149503,12/9/2019,SP-20650,273.92
6717,CA-2016-134789,4/8/2019,CK-12325,30.00
6718,CA-2016-134789,4/8/2019,CK-12325,25.92
6719,CA-2016-134789,4/8/2019,CK-12325,159.92
6720,CA-2016-130442,12/16/2019,SF-20065,34.94
6725,CA-2016-128811,9/12/2019,SF-20200,10.47
6726,CA-2016-128811,9/12/2019,SF-20200,11.07
6727,CA-2016-128811,9/12/2019,SF-20200,20.70
6729,CA-2016-165827,11/4/2019,MF-17665,50.50
6730,CA-2015-156734,6/18/2018,BV-11245,6.13
6731,CA-2015-156734,6/18/2018,BV-11245,643.14
6732,CA-2015-156734,6/18/2018,BV-11245,20.74
6733,CA-2014-120096,7/4/2017,KE-16420,177.54
6734,CA-2014-120096,7/4/2017,KE-16420,32.43
6735,CA-2015-141754,12/20/2018,EM-14200,11.70
6736,CA-2016-123358,4/10/2019,BT-11680,113.76
6737,CA-2016-123358,4/10/2019,BT-11680,579.51
6738,CA-2016-123358,4/10/2019,BT-11680,150.66
6739,CA-2016-123358,4/10/2019,BT-11680,48.03
6740,CA-2014-144029,5/26/2017,MM-18055,102.62
6741,CA-2014-144029,5/26/2017,MM-18055,359.77
6742,CA-2014-144029,5/26/2017,MM-18055,13.39
6743,US-2017-101784,7/6/2020,PO-18850,122.14
6744,CA-2015-156923,2/16/2018,SP-20860,35.88
6745,CA-2017-111269,6/16/2020,CS-12355,479.95
6746,CA-2017-111269,6/16/2020,CS-12355,23.92
6751,CA-2016-154767,6/28/2019,BP-11155,121.96
6752,CA-2016-154767,6/28/2019,BP-11155,8.74
6753,CA-2016-154767,6/28/2019,BP-11155,61.96
6754,CA-2016-154767,6/28/2019,BP-11155,7.96
6755,CA-2016-154767,6/28/2019,BP-11155,275.24
6761,CA-2017-100636,6/26/2020,DO-13435,272.94
6762,CA-2016-162943,7/24/2019,DB-12970,253.76
6763,CA-2016-144764,9/2/2019,RL-19615,29.24
6764,CA-2016-144764,9/2/2019,RL-19615,35.17
6765,CA-2016-144764,9/2/2019,RL-19615,1362.90
6766,CA-2017-100615,4/20/2020,SJ-20215,317.06
6767,CA-2017-100615,4/20/2020,SJ-20215,15.76
6768,CA-2017-100615,4/20/2020,SJ-20215,14.56
6769,CA-2014-109302,8/12/2017,CS-12175,196.21
6773,CA-2016-119018,11/4/2019,CW-11905,7.71
6774,CA-2016-119018,11/4/2019,CW-11905,4.18
6775,CA-2016-119018,11/4/2019,CW-11905,38.88
6776,CA-2015-105361,3/29/2018,CM-12115,17.64
6777,US-2016-152373,9/5/2019,PT-19090,93.46
6778,US-2017-166037,1/28/2020,CL-12700,449.91
6779,US-2016-147711,9/3/2019,HF-14995,344.94
6780,US-2016-147711,9/3/2019,HF-14995,14.76
6781,US-2016-147711,9/3/2019,HF-14995,12.76
6782,US-2016-147711,9/3/2019,HF-14995,58.48
6783,CA-2017-121293,7/25/2020,JC-15775,20.10
6784,CA-2017-121293,7/25/2020,JC-15775,37.75
6785,CA-2017-121293,7/25/2020,JC-15775,138.59
6786,CA-2017-121293,7/25/2020,JC-15775,259.92
6787,CA-2017-121293,7/25/2020,JC-15775,20.74
6788,CA-2015-118843,9/13/2018,JH-15910,129.93
6789,CA-2015-118843,9/13/2018,JH-15910,69.93
6790,CA-2015-161445,9/7/2018,CC-12610,140.74
6791,CA-2016-124527,11/16/2019,IM-15055,8.32
6792,CA-2016-162348,11/10/2019,BF-11170,9.98
6793,CA-2014-141005,8/15/2017,CS-12355,62.94
6794,CA-2015-145394,11/16/2018,MC-17605,21.49
6795,CA-2015-145394,11/16/2018,MC-17605,239.98
6796,CA-2015-145394,11/16/2018,MC-17605,34.50
6797,CA-2015-168809,8/25/2018,MC-18100,20.10
6798,CA-2015-168809,8/25/2018,MC-18100,3.80
6799,CA-2015-168809,8/25/2018,MC-18100,7.88
6800,CA-2016-109827,12/25/2019,LW-16825,35.45
6801,CA-2016-109827,12/25/2019,LW-16825,269.97
6802,CA-2016-109827,12/25/2019,LW-16825,45.12
6803,CA-2016-109827,12/25/2019,LW-16825,100.80
6804,CA-2016-109827,12/25/2019,LW-16825,47.97
6805,CA-2014-152233,10/5/2017,KH-16510,99.98
6806,CA-2014-125682,11/22/2017,RB-19645,9.96
6808,CA-2015-128125,3/31/2018,EB-13705,98.38
6809,CA-2015-128125,3/31/2018,EB-13705,22.38
6816,CA-2014-144414,6/17/2017,GH-14425,6.24
6817,CA-2014-144414,6/17/2017,GH-14425,17.90
6818,CA-2014-144414,6/17/2017,GH-14425,3266.38
6824,CA-2015-154291,7/25/2018,YS-21880,98.46
6825,CA-2015-154291,7/25/2018,YS-21880,358.58
6826,CA-2016-118689,10/2/2019,TC-20980,32.48
6827,CA-2016-118689,10/2/2019,TC-20980,17499.95
6828,CA-2016-118689,10/2/2019,TC-20980,735.98
6829,CA-2016-118689,10/2/2019,TC-20980,34.37
6830,CA-2016-118689,10/2/2019,TC-20980,33.96
6831,CA-2016-140438,12/24/2019,PW-19030,197.97
6832,US-2017-123204,7/21/2020,CS-11860,17.48
6833,CA-2015-112522,10/10/2018,DP-13165,8.02
6834,CA-2016-153101,9/8/2019,PJ-19015,146.04
6835,CA-2016-142615,11/20/2019,BM-11575,27.88
6838,CA-2015-116260,7/6/2018,BF-10975,11.12
6839,CA-2017-107517,2/5/2020,FC-14335,1640.70
6840,CA-2017-107517,2/5/2020,FC-14335,371.20
6841,CA-2015-166338,12/6/2018,MP-18175,14.83
6842,CA-2016-123946,9/12/2019,AJ-10795,20.70
6843,CA-2016-123946,9/12/2019,AJ-10795,11.34
6844,CA-2016-123946,9/12/2019,AJ-10795,67.90
6845,CA-2016-123946,9/12/2019,AJ-10795,1059.12
6846,CA-2014-147543,7/6/2017,BC-11125,478.48
6847,US-2016-159093,5/9/2019,RS-19420,32.04
6848,CA-2016-162110,7/18/2019,NP-18670,55.99
6849,US-2016-163461,6/18/2019,BT-11440,76.86
6850,CA-2014-101462,4/20/2017,BP-11230,59.92
6851,US-2016-100461,1/8/2019,JO-15145,1565.88
6852,US-2016-100461,1/8/2019,JO-15145,106.05
6858,CA-2017-128965,4/17/2020,PS-18760,28.14
6859,CA-2017-128965,4/17/2020,PS-18760,7.38
6860,CA-2017-128965,4/17/2020,PS-18760,10.90
6861,CA-2017-128965,4/17/2020,PS-18760,274.89
6862,CA-2017-128965,4/17/2020,PS-18760,23.04
6863,CA-2017-128965,4/17/2020,PS-18760,218.35
6865,US-2016-126452,8/21/2019,SC-20230,12.67
6866,US-2016-126452,8/21/2019,SC-20230,91.96
6867,US-2016-126452,8/21/2019,SC-20230,254.97
6868,US-2016-126452,8/21/2019,SC-20230,31.98
6869,US-2016-126452,8/21/2019,SC-20230,2887.06
6870,US-2016-126452,8/21/2019,SC-20230,12.96
6871,US-2016-126452,8/21/2019,SC-20230,47.52
6872,CA-2016-145009,12/5/2019,RF-19345,11.95
6873,CA-2015-162544,12/16/2018,SG-20080,4.98
6874,CA-2014-124394,10/17/2017,TB-21520,10.78
6875,CA-2014-124394,10/17/2017,TB-21520,119.98
6876,US-2016-121013,9/5/2019,MM-17920,25.06
6877,US-2016-121013,9/5/2019,MM-17920,1652.94
6878,US-2015-123918,10/15/2018,CG-12520,131.38
6879,US-2015-123918,10/15/2018,CG-12520,5.34
6880,CA-2015-137113,12/1/2018,TW-21025,2003.92
6881,CA-2015-137113,12/1/2018,TW-21025,32.40
6882,CA-2015-137113,12/1/2018,TW-21025,1913.40
6883,CA-2015-137113,12/1/2018,TW-21025,146.73
6884,CA-2015-137113,12/1/2018,TW-21025,114.20
6885,CA-2015-120677,5/31/2018,BD-11320,2567.84
6888,CA-2017-120222,4/25/2020,LL-16840,19.05
6889,CA-2017-120222,4/25/2020,LL-16840,73.34
6899,US-2015-165512,5/24/2018,VS-21820,602.65
6900,US-2015-165512,5/24/2018,VS-21820,7.66
6901,CA-2015-140557,9/7/2018,TN-21040,559.93
6902,US-2017-135013,7/24/2020,HR-14830,2399.96
6907,CA-2017-149468,5/20/2020,AR-10405,41.28
6908,CA-2016-140249,9/27/2019,SW-20455,1001.58
6910,CA-2014-126277,9/13/2017,LH-16900,2.50
6911,US-2017-115301,7/29/2020,VG-21790,115.96
6913,US-2017-128398,5/2/2020,EM-13825,159.56
6914,CA-2015-104115,6/12/2018,JH-15910,55.98
6915,CA-2014-142510,12/22/2017,NP-18700,132.16
6916,CA-2014-142510,12/22/2017,NP-18700,17.90
6917,CA-2014-142510,12/22/2017,NP-18700,124.03
6918,CA-2014-124247,12/16/2017,SH-20635,1403.92
6919,CA-2016-105473,4/16/2019,BM-11785,28.80
6920,CA-2015-102806,5/21/2018,HG-14965,24.59
6921,CA-2017-121706,2/26/2020,BM-11140,356.79
6922,CA-2017-109211,4/4/2020,PS-19045,16.98
6923,CA-2015-134257,3/16/2018,MS-17710,491.55
6924,CA-2015-134257,3/16/2018,MS-17710,7.38
6925,CA-2015-137925,11/30/2018,JL-15235,23.66
6926,CA-2015-137925,11/30/2018,JL-15235,681.41
6927,CA-2016-140046,7/28/2019,KM-16660,18.90
6928,CA-2016-140382,6/23/2019,RD-19900,93.68
6929,CA-2016-140382,6/23/2019,RD-19900,21.93
6930,CA-2016-140382,6/23/2019,RD-19900,862.34
6931,CA-2016-140382,6/23/2019,RD-19900,19.98
6932,CA-2014-164182,7/14/2017,ST-20530,13.49
6933,CA-2014-164182,7/14/2017,ST-20530,23.99
6934,CA-2014-164182,7/14/2017,ST-20530,31.98
6935,CA-2014-164182,7/14/2017,ST-20530,41.58
6937,CA-2016-129847,9/2/2019,TA-21385,84.27
6938,CA-2014-126963,6/15/2017,PS-18760,36.54
6939,CA-2016-125094,11/5/2019,NP-18700,479.72
6940,CA-2017-107132,6/26/2020,SC-20260,102.37
6941,CA-2017-107132,6/26/2020,SC-20260,28.40
6942,CA-2017-107132,6/26/2020,SC-20260,713.88
6943,CA-2017-107132,6/26/2020,SC-20260,68.52
6944,CA-2015-139248,7/25/2018,RD-19930,623.96
6945,CA-2014-148369,9/23/2017,TH-21115,11.12
6946,CA-2016-106243,9/30/2019,GM-14680,523.92
6947,CA-2015-126466,11/9/2018,JO-15550,2.48
6948,CA-2015-130365,4/25/2018,ZC-21910,221.02
6949,CA-2015-130365,4/25/2018,ZC-21910,128.06
6952,CA-2015-161767,11/20/2018,GK-14620,479.99
6953,CA-2015-129917,10/2/2018,HM-14980,11.81
6954,CA-2015-129917,10/2/2018,HM-14980,53.57
6955,CA-2015-129917,10/2/2018,HM-14980,503.96
6956,CA-2015-115420,4/25/2018,LS-16945,21.34
6957,CA-2016-157588,7/14/2019,AR-10570,36.40
6958,CA-2016-157588,7/14/2019,AR-10570,51.75
6959,CA-2015-167255,9/27/2018,RH-19510,15.51
6960,CA-2015-167255,9/27/2018,RH-19510,146.82
6961,CA-2015-167255,9/27/2018,RH-19510,12.96
6963,CA-2016-157161,7/16/2019,JD-15895,10.20
6964,CA-2016-157161,7/16/2019,JD-15895,22.32
6965,CA-2016-157161,7/16/2019,JD-15895,24.10
6966,CA-2016-157161,7/16/2019,JD-15895,75.98
6967,CA-2016-157161,7/16/2019,JD-15895,6.46
6968,CA-2016-157161,7/16/2019,JD-15895,60.12
6969,CA-2015-110765,10/16/2018,MP-17965,824.97
6970,CA-2016-163937,1/10/2019,JB-16000,24.85
6976,CA-2015-112144,6/28/2018,CY-12745,5.90
6977,CA-2015-112144,6/28/2018,CY-12745,621.76
6978,US-2016-119298,11/25/2019,EP-13915,59.98
6980,CA-2017-149076,1/14/2020,SO-20335,154.90
6981,CA-2014-146990,11/7/2017,BP-11095,5.92
6982,CA-2014-146990,11/7/2017,BP-11095,30.18
6983,CA-2016-116526,9/1/2019,JA-15970,24.10
6984,CA-2016-116526,9/1/2019,JA-15970,8.78
6985,CA-2016-116526,9/1/2019,JA-15970,376.74
6986,CA-2016-116526,9/1/2019,JA-15970,29.52
6987,CA-2016-116526,9/1/2019,JA-15970,11.96
6988,CA-2016-116526,9/1/2019,JA-15970,26.40
6991,CA-2015-109386,11/8/2018,RH-19600,44.43
6992,CA-2015-109386,11/8/2018,RH-19600,226.20
6993,CA-2015-109386,11/8/2018,RH-19600,186.54
6994,CA-2015-109386,11/8/2018,RH-19600,265.86
6995,CA-2015-109386,11/8/2018,RH-19600,27.90
6996,CA-2015-166800,11/19/2018,AG-10300,31.08
6999,US-2016-134369,9/16/2019,BC-11125,12.96
7000,CA-2017-123687,5/26/2020,KC-16675,208.44
7001,CA-2017-123687,5/26/2020,KC-16675,25.76
7002,CA-2015-104871,3/30/2018,DR-12940,366.74
7003,CA-2014-133158,8/19/2017,DW-13195,289.24
7004,CA-2014-133158,8/19/2017,DW-13195,69.46
7005,CA-2014-126333,12/23/2017,ME-18010,5.18
7006,CA-2015-141740,11/1/2018,JF-15490,205.16
7007,CA-2014-119466,12/15/2017,SP-20860,8.54
7008,CA-2015-154823,8/21/2018,KN-16390,12.83
7009,CA-2015-154823,8/21/2018,KN-16390,598.46
7010,CA-2015-154823,8/21/2018,KN-16390,25.98
7011,US-2014-135881,5/23/2017,GT-14710,17.96
7012,US-2014-135881,5/23/2017,GT-14710,5.04
7013,US-2014-135881,5/23/2017,GT-14710,208.16
7015,CA-2014-114790,3/11/2017,FM-14215,146.76
7016,CA-2014-114790,3/11/2017,FM-14215,32.96
7017,CA-2014-114790,3/11/2017,FM-14215,587.97
7018,CA-2014-114790,3/11/2017,FM-14215,14.94
7019,US-2016-154256,6/23/2019,SM-20005,25.83
7020,CA-2014-124737,8/23/2017,AP-10915,15.55
7021,CA-2014-124737,8/23/2017,AP-10915,6.80
7022,CA-2014-124737,8/23/2017,AP-10915,4.22
7023,CA-2014-124737,8/23/2017,AP-10915,143.64
7024,CA-2014-124737,8/23/2017,AP-10915,31.10
7025,CA-2014-124737,8/23/2017,AP-10915,223.06
7026,US-2017-101840,2/6/2020,SP-20545,227.46
7027,US-2017-101840,2/6/2020,SP-20545,46.24
7028,CA-2017-131653,1/29/2020,RD-19585,5.22
7029,US-2016-157840,12/20/2019,MC-17575,33.90
7030,CA-2016-145548,11/11/2019,EB-13750,28.14
7031,CA-2016-145548,11/11/2019,EB-13750,36.00
7032,CA-2016-145548,11/11/2019,EB-13750,92.94
7033,CA-2016-145548,11/11/2019,EB-13750,245.65
7034,CA-2016-145548,11/11/2019,EB-13750,55.01
7035,CA-2016-145548,11/11/2019,EB-13750,35.23
7037,CA-2014-124618,5/2/2017,CS-11860,479.98
7043,US-2017-165358,7/18/2020,SV-20365,599.97
7044,US-2017-165358,7/18/2020,SV-20365,198.74
7045,US-2017-165358,7/18/2020,SV-20365,9.18
7046,CA-2016-160136,11/3/2019,PJ-18835,9.25
7047,CA-2014-150581,4/8/2017,NM-18445,99.59
7048,CA-2014-150581,4/8/2017,NM-18445,399.96
7049,CA-2016-119515,8/14/2019,TR-21325,15.55
7050,CA-2014-141355,9/25/2017,BF-11005,14.58
7051,CA-2016-165330,12/11/2019,WB-21850,209.60
7052,CA-2016-165330,12/11/2019,WB-21850,23.32
7053,CA-2016-165330,12/11/2019,WB-21850,30.98
7054,CA-2016-165330,12/11/2019,WB-21850,119.96
7055,CA-2016-165330,12/11/2019,WB-21850,363.92
7056,CA-2016-165330,12/11/2019,WB-21850,35.81
7057,CA-2016-165330,12/11/2019,WB-21850,122.69
7058,CA-2016-165330,12/11/2019,WB-21850,892.14
7059,CA-2016-165330,12/11/2019,WB-21850,50.22
7060,CA-2016-165330,12/11/2019,WB-21850,83.42
7061,CA-2016-165330,12/11/2019,WB-21850,5.87
7062,CA-2015-132633,2/3/2018,KH-16630,12.14
7063,CA-2016-157742,12/29/2019,KL-16645,27.79
7065,CA-2017-169474,2/4/2020,JF-15355,32.67
7066,CA-2014-106726,12/6/2017,RS-19765,1261.33
7067,CA-2016-147473,5/30/2019,NL-18310,38.88
7068,CA-2016-114209,5/21/2019,AS-10285,1.96
7069,CA-2016-114209,5/21/2019,AS-10285,82.66
7070,CA-2014-141901,8/9/2017,GM-14500,5.98
7071,CA-2016-164490,9/5/2019,SU-20665,9.25
7072,CA-2016-112256,7/23/2019,CK-12205,4.45
7073,CA-2016-112256,7/23/2019,CK-12205,5.18
7074,CA-2016-112256,7/23/2019,CK-12205,175.92
7075,CA-2016-112256,7/23/2019,CK-12205,4.75
7076,CA-2016-112256,7/23/2019,CK-12205,13.34
7077,CA-2016-167416,5/12/2019,JM-15580,54.90
7078,CA-2016-106950,9/2/2019,JE-15715,22.91
7079,CA-2016-106950,9/2/2019,JE-15715,309.46
7080,CA-2016-106950,9/2/2019,JE-15715,19.46
7081,CA-2016-106950,9/2/2019,JE-15715,472.52
7082,CA-2016-106950,9/2/2019,JE-15715,1012.68
7083,CA-2016-106950,9/2/2019,JE-15715,17.22
7084,CA-2017-118724,7/21/2020,AR-10825,3.52
7085,CA-2017-118724,7/21/2020,AR-10825,1626.19
7089,CA-2015-105844,10/25/2018,JF-15415,79.36
7090,CA-2017-118864,6/15/2020,KH-16690,119.96
7091,CA-2015-119480,1/9/2018,CC-12685,106.32
7092,CA-2015-119480,1/9/2018,CC-12685,163.44
7093,CA-2015-119480,1/9/2018,CC-12685,42.76
7094,CA-2015-119480,1/9/2018,CC-12685,51.55
7095,US-2015-153374,2/9/2018,JF-15565,479.95
7096,CA-2016-101980,8/19/2019,RP-19390,146.69
7097,CA-2016-101980,8/19/2019,RP-19390,276.78
7098,CA-2016-101980,8/19/2019,RP-19390,25.32
7100,CA-2015-124933,12/26/2018,DF-13135,212.64
7101,CA-2014-159625,11/23/2017,SM-20005,23.47
7102,CA-2016-144337,8/1/2019,SG-20890,19.65
7103,CA-2014-117478,9/21/2017,LH-16750,6.57
7105,CA-2017-128944,6/19/2020,KH-16330,760.12
7106,CA-2017-128944,6/19/2020,KH-16330,38.78
7107,CA-2017-128944,6/19/2020,KH-16330,122.33
7108,CA-2016-109666,4/19/2019,KM-16720,25.98
7109,CA-2016-109666,4/19/2019,KM-16720,3.28
7110,CA-2016-109666,4/19/2019,KM-16720,459.88
7111,CA-2016-109666,4/19/2019,KM-16720,7.76
7112,CA-2016-109666,4/19/2019,KM-16720,71.96
7113,CA-2016-109666,4/19/2019,KM-16720,54.90
7114,CA-2016-109666,4/19/2019,KM-16720,9.28
7115,US-2016-102239,5/5/2019,LW-16990,1685.88
7116,US-2016-102239,5/5/2019,LW-16990,5.73
7117,CA-2014-143168,10/18/2017,IG-15085,61.96
7118,CA-2014-143168,10/18/2017,IG-15085,1.34
7119,CA-2017-104906,2/13/2020,JP-15460,17.94
7121,US-2014-147774,1/20/2017,MM-18280,67.19
7124,CA-2015-128013,8/9/2018,MF-18250,10.02
7125,CA-2015-128013,8/9/2018,MF-18250,144.12
7126,CA-2016-123176,9/27/2019,JG-15160,17.94
7127,CA-2016-123176,9/27/2019,JG-15160,13.89
7128,US-2016-117541,11/14/2019,JM-16195,16.45
7129,US-2016-117541,11/14/2019,JM-16195,19.92
7130,CA-2016-166282,4/16/2019,PK-19075,35.17
7131,CA-2016-166282,4/16/2019,PK-19075,123.09
7137,CA-2015-163965,11/20/2018,SS-20875,7.23
7138,CA-2015-163965,11/20/2018,SS-20875,17.44
7139,CA-2015-163965,11/20/2018,SS-20875,62.88
7140,CA-2015-163965,11/20/2018,SS-20875,290.35
7143,CA-2014-122217,11/24/2017,HP-14815,111.15
7144,US-2017-141558,3/11/2020,MH-17290,776.85
7145,US-2017-141558,3/11/2020,MH-17290,12.29
7146,US-2017-141558,3/11/2020,MH-17290,154.76
7147,US-2017-141558,3/11/2020,MH-17290,43.28
7148,CA-2016-139941,6/12/2019,CB-12415,92.94
7149,CA-2016-139941,6/12/2019,CB-12415,52.56
7150,CA-2015-166583,6/26/2018,VD-21670,971.88
7153,CA-2014-137911,10/9/2017,BP-11095,88.77
7154,CA-2015-106208,12/10/2018,JW-16075,53.09
7155,US-2015-136749,12/25/2018,LH-16900,275.88
7156,US-2015-136749,12/25/2018,LH-16900,157.90
7157,CA-2017-126718,4/29/2020,KT-16480,4.91
7158,CA-2016-131380,3/28/2019,CC-12220,87.92
7159,CA-2016-131380,3/28/2019,CC-12220,5.98
7160,CA-2015-145835,5/13/2018,BF-11170,222.38
7161,CA-2015-145835,5/13/2018,BF-11170,16.00
7162,CA-2014-138709,7/4/2017,MS-17770,21.84
7163,CA-2014-138709,7/4/2017,MS-17770,15.60
7164,CA-2014-122070,4/22/2017,AH-10030,247.84
7165,CA-2014-122070,4/22/2017,AH-10030,9.91
7166,CA-2016-158610,9/19/2019,CK-12595,69.52
7167,CA-2014-117464,7/22/2017,NP-18325,11.52
7168,CA-2014-117464,7/22/2017,NP-18325,717.72
7169,CA-2014-117464,7/22/2017,NP-18325,236.50
7170,CA-2014-117464,7/22/2017,NP-18325,170.35
7172,CA-2017-125381,4/25/2020,SG-20605,107.97
7173,US-2017-141677,3/26/2020,HK-14890,143.96
7174,US-2017-141677,3/26/2020,HK-14890,2399.96
7175,US-2017-141677,3/26/2020,HK-14890,74.35
7176,US-2017-141677,3/26/2020,HK-14890,87.17
7177,US-2017-141677,3/26/2020,HK-14890,32.23
7178,CA-2017-133067,5/4/2020,MY-18295,2.20
7179,CA-2017-133067,5/4/2020,MY-18295,9.40
7180,US-2016-144351,11/14/2019,RC-19960,89.97
7181,CA-2014-106054,1/6/2017,JO-15145,12.78
7182,CA-2016-138667,12/27/2019,MW-18220,40.00
7183,CA-2017-150609,4/30/2020,NZ-18565,23.24
7184,CA-2017-128853,4/21/2020,JM-15250,908.82
7190,CA-2016-164399,11/12/2019,DW-13480,203.98
7191,CA-2016-164399,11/12/2019,DW-13480,674.35
7192,CA-2016-116918,10/1/2019,JK-15205,5.39
7193,CA-2016-116918,10/1/2019,JK-15205,30.98
7194,CA-2016-110492,2/12/2019,JS-15880,1350.12
7195,CA-2016-110492,2/12/2019,JS-15880,15.92
7196,CA-2016-147683,11/13/2019,PO-19180,19.54
7197,CA-2014-116785,4/26/2017,MH-17290,21.40
7198,CA-2014-116785,4/26/2017,MH-17290,12.60
7199,US-2015-156797,8/11/2018,PO-19180,11.96
7200,US-2015-156797,8/11/2018,PO-19180,138.00
7201,CA-2016-104276,11/27/2019,HF-14995,116.76
7202,CA-2016-104276,11/27/2019,HF-14995,331.02
7203,CA-2016-120369,10/28/2019,VB-21745,756.80
7204,CA-2014-118276,12/29/2017,MG-17890,8.74
7205,CA-2015-136658,9/10/2018,BO-11425,6.08
7208,CA-2016-143476,9/11/2019,LC-16930,2.91
7209,CA-2016-143476,9/11/2019,LC-16930,20.74
7210,CA-2016-143476,9/11/2019,LC-16930,9.57
7211,US-2016-119046,6/2/2019,EH-13765,30.18
7212,US-2016-119046,6/2/2019,EH-13765,51.65
7213,US-2016-119046,6/2/2019,EH-13765,11.23
7215,CA-2015-103072,9/27/2018,HW-14935,16.40
7216,CA-2015-103072,9/27/2018,HW-14935,25.92
7217,CA-2015-150770,5/3/2018,LC-16870,8.82
7218,CA-2015-150770,5/3/2018,LC-16870,62.50
7219,CA-2015-150770,5/3/2018,LC-16870,339.96
7220,CA-2015-150770,5/3/2018,LC-16870,49.57
7221,CA-2017-154760,1/9/2020,BP-11290,274.49
7222,US-2017-104437,1/27/2020,TG-21310,137.94
7224,CA-2016-109953,7/14/2019,RB-19360,110.38
7225,CA-2016-109953,7/14/2019,RB-19360,151.62
7226,CA-2016-109953,7/14/2019,RB-19360,30.80
7227,CA-2017-127397,2/24/2020,ES-14080,123.92
7228,CA-2017-127397,2/24/2020,ES-14080,1319.80
7229,CA-2014-157546,7/20/2017,RD-19720,89.71
7230,CA-2014-157546,7/20/2017,RD-19720,22.83
7231,CA-2017-153843,3/13/2020,SC-20380,30.88
7232,CA-2017-153843,3/13/2020,SC-20380,465.16
7233,CA-2017-153843,3/13/2020,SC-20380,27.12
7234,CA-2016-137337,3/8/2019,GB-14575,113.60
7235,CA-2016-137337,3/8/2019,GB-14575,12.96
7236,CA-2016-137337,3/8/2019,GB-14575,69.46
7237,CA-2014-138737,12/7/2017,FP-14320,8.64
7238,CA-2016-164924,7/10/2019,EA-14035,341.99
7239,CA-2016-101651,12/24/2019,SC-20305,43.96
7240,CA-2016-101651,12/24/2019,SC-20305,39.76
7241,CA-2017-136651,4/23/2020,JF-15355,66.36
7242,CA-2017-136651,4/23/2020,JF-15355,92.88
7243,CA-2017-136651,4/23/2020,JF-15355,24.14
7245,US-2017-151127,5/22/2020,RL-19615,49.56
7246,CA-2017-145807,2/9/2020,SB-20170,354.90
7247,US-2014-127978,3/3/2017,JS-15595,15.12
7248,US-2014-127978,3/3/2017,JS-15595,302.45
7249,US-2014-127978,3/3/2017,JS-15595,44.67
7250,CA-2015-158491,6/4/2018,BP-11155,119.98
7251,CA-2015-158491,6/4/2018,BP-11155,989.97
7252,CA-2016-116764,8/27/2019,EM-13825,9.22
7253,CA-2016-152457,9/12/2019,SC-20695,68.52
7254,CA-2016-152730,5/30/2019,EM-14140,364.74
7255,CA-2016-152730,5/30/2019,EM-14140,47.40
7256,CA-2016-152730,5/30/2019,EM-14140,49.76
7257,CA-2016-152730,5/30/2019,EM-14140,5.56
7258,CA-2016-152730,5/30/2019,EM-14140,629.10
7259,CA-2016-152730,5/30/2019,EM-14140,14.70
7260,CA-2016-152730,5/30/2019,EM-14140,45.36
7261,CA-2016-152730,5/30/2019,EM-14140,125.99
7262,CA-2017-137001,6/10/2020,GZ-14545,14.70
7265,CA-2017-122056,6/13/2020,PG-18895,181.86
7266,US-2014-143721,11/23/2017,DK-12835,155.37
7269,CA-2016-133368,1/14/2019,AG-10675,89.57
7270,CA-2016-133368,1/14/2019,AG-10675,315.78
7271,CA-2016-123337,9/16/2019,KD-16495,273.67
7272,CA-2016-123337,9/16/2019,KD-16495,17.48
7273,US-2016-150357,10/10/2019,EB-13975,20.61
7274,US-2016-150357,10/10/2019,EB-13975,4.10
7275,CA-2015-144519,11/13/2018,AW-10930,339.96
7276,CA-2015-144519,11/13/2018,AW-10930,63.98
7277,CA-2014-120670,11/2/2017,JK-16120,799.92
7278,CA-2016-157217,7/19/2019,TC-21535,35.98
7279,CA-2016-157217,7/19/2019,TC-21535,389.97
7280,CA-2016-108224,5/14/2019,TH-21235,185.53
7281,CA-2015-162782,2/21/2018,PW-19240,2541.98
7283,CA-2017-155936,6/22/2020,JK-15730,3.04
7287,CA-2016-149965,6/20/2019,BS-11365,6.90
7288,CA-2016-149965,6/20/2019,BS-11365,57.69
7289,CA-2014-158281,9/2/2017,AG-10525,559.71
7290,CA-2016-153661,1/30/2019,SC-20725,305.01
7291,CA-2016-153661,1/30/2019,SC-20725,50.78
7292,CA-2016-153661,1/30/2019,SC-20725,26.01
7294,CA-2016-113656,1/23/2019,CB-12415,59.99
7295,CA-2015-148964,5/26/2018,RD-19900,20.24
7296,CA-2014-111899,5/4/2017,NC-18340,37.84
7297,CA-2014-111899,5/4/2017,NC-18340,5.47
7298,CA-2015-101126,2/10/2018,NB-18655,77.24
7299,CA-2014-163468,11/18/2017,JK-15730,292.10
7300,CA-2014-163468,11/18/2017,JK-15730,8.54
7301,CA-2014-163468,11/18/2017,JK-15730,424.12
7302,CA-2014-163468,11/18/2017,JK-15730,2.89
7303,CA-2014-163468,11/18/2017,JK-15730,381.72
7306,CA-2014-137274,3/29/2017,MG-18145,890.84
7307,CA-2016-144092,11/5/2019,LH-17155,72.00
7308,CA-2016-144092,11/5/2019,LH-17155,113.89
7309,CA-2016-144092,11/5/2019,LH-17155,158.13
7310,CA-2017-112172,6/10/2020,MM-18280,14.13
7311,CA-2015-121699,8/10/2018,BD-11320,64.75
7312,CA-2015-162761,10/9/2018,SC-20575,1.87
7313,CA-2015-162761,10/9/2018,SC-20575,11.21
7314,CA-2015-162761,10/9/2018,SC-20575,37.38
7315,CA-2016-121377,5/28/2019,TN-21040,286.40
7316,CA-2017-115322,5/11/2020,ZC-21910,43.92
7317,CA-2016-132066,10/16/2019,NB-18655,142.18
7328,US-2014-131275,3/18/2017,SC-20050,111.00
7329,US-2014-131275,3/18/2017,SC-20050,1279.97
7330,US-2014-131275,3/18/2017,SC-20050,1856.19
7331,CA-2016-149349,11/12/2019,SP-20650,22.75
7334,CA-2015-125563,4/11/2018,PR-18880,67.36
7335,CA-2015-125563,4/11/2018,PR-18880,54.53
7336,CA-2015-113152,12/25/2018,JK-15625,843.90
7337,CA-2015-113152,12/25/2018,JK-15625,449.57
7339,CA-2014-163412,12/20/2017,SM-20950,192.19
7340,CA-2015-159590,7/18/2018,KC-16255,5.76
7341,CA-2014-116190,7/26/2017,SG-20470,67.88
7342,CA-2014-116190,7/26/2017,SG-20470,162.89
7343,CA-2014-116190,7/26/2017,SG-20470,25.71
7344,CA-2014-168473,12/26/2017,TB-21520,191.88
7349,CA-2014-130421,3/3/2017,SC-20020,176.77
7353,CA-2017-152135,3/16/2020,MG-17650,445.44
7354,CA-2016-151974,9/22/2019,RD-19660,16.52
7355,CA-2017-154102,2/6/2020,SN-20560,29.90
7356,CA-2015-139780,12/31/2018,AH-10690,116.40
7357,CA-2016-114748,10/9/2019,MZ-17335,1.41
7358,CA-2016-114748,10/9/2019,MZ-17335,169.57
7359,US-2014-115189,12/30/2017,AR-10345,251.96
7360,US-2014-115189,12/30/2017,AR-10345,523.76
7361,CA-2016-163594,4/12/2019,JF-15295,19.44
7362,CA-2016-163594,4/12/2019,JF-15295,194.35
7363,CA-2016-163594,4/12/2019,JF-15295,36.62
7364,CA-2016-127243,11/28/2019,DS-13180,340.18
7365,CA-2016-127243,11/28/2019,DS-13180,12.67
7366,CA-2016-127243,11/28/2019,DS-13180,6.89
7367,CA-2016-127243,11/28/2019,DS-13180,32.54
7368,CA-2016-127243,11/28/2019,DS-13180,347.80
7369,CA-2017-161851,4/15/2020,BP-11095,15.57
7370,CA-2015-110345,3/9/2018,TG-21310,4.61
7371,CA-2014-107769,10/28/2017,BT-11395,257.98
7372,US-2017-123862,1/7/2020,JF-15190,153.78
7373,US-2017-123862,1/7/2020,JF-15190,61.02
7374,US-2017-123862,1/7/2020,JF-15190,110.11
7375,US-2017-123862,1/7/2020,JF-15190,7.89
7378,CA-2014-132787,9/19/2017,MC-18130,92.52
7379,CA-2015-136224,5/31/2018,ML-18265,10.27
7380,CA-2016-105732,9/13/2019,AG-10270,40.74
7381,CA-2016-105732,9/13/2019,AG-10270,14.40
7382,CA-2016-105732,9/13/2019,AG-10270,149.95
7383,CA-2016-105732,9/13/2019,AG-10270,16.90
7384,CA-2016-105732,9/13/2019,AG-10270,17.61
7385,CA-2016-105732,9/13/2019,AG-10270,378.00
7386,CA-2016-105732,9/13/2019,AG-10270,17.64
7387,CA-2016-105732,9/13/2019,AG-10270,373.08
7388,CA-2016-105732,9/13/2019,AG-10270,1336.44
7389,CA-2016-105732,9/13/2019,AG-10270,29.97
7393,CA-2017-147844,5/2/2020,DD-13570,15.70
7394,CA-2017-147844,5/2/2020,DD-13570,59.52
7395,CA-2017-147844,5/2/2020,DD-13570,34.40
7396,CA-2016-110975,12/25/2019,DB-12970,313.18
7397,CA-2016-110975,12/25/2019,DB-12970,866.65
7398,CA-2014-141649,9/30/2017,DM-12955,795.41
7399,CA-2014-124807,7/12/2017,ME-17725,35.86
7400,CA-2014-124807,7/12/2017,ME-17725,23.84
7401,CA-2016-110009,9/8/2019,TR-21325,43.13
7402,CA-2016-110009,9/8/2019,TR-21325,30.87
7404,CA-2015-100146,5/14/2018,CB-12535,509.96
7405,CA-2015-100146,5/14/2018,CB-12535,122.91
7406,CA-2015-100146,5/14/2018,CB-12535,97.57
7407,CA-2015-100146,5/14/2018,CB-12535,722.35
7408,CA-2017-152079,1/20/2020,ML-17410,11.52
7409,CA-2016-129728,5/30/2019,JG-15310,167.84
7410,CA-2014-121769,4/8/2017,JS-15880,172.11
7411,CA-2014-103058,7/23/2017,AG-10270,99.98
7412,CA-2017-121125,5/30/2020,MG-17890,156.79
7413,CA-2017-121125,5/30/2020,MG-17890,35.36
7414,CA-2017-121125,5/30/2020,MG-17890,13.59
7415,US-2016-114013,3/13/2019,SC-20770,386.68
7416,US-2016-114013,3/13/2019,SC-20770,379.96
7417,US-2016-114013,3/13/2019,SC-20770,539.91
7418,US-2016-114013,3/13/2019,SC-20770,41.24
7419,US-2016-114013,3/13/2019,SC-20770,51.90
7420,US-2016-114013,3/13/2019,SC-20770,552.56
7421,US-2016-114013,3/13/2019,SC-20770,23.16
7422,US-2016-114013,3/13/2019,SC-20770,126.08
7423,US-2016-114013,3/13/2019,SC-20770,449.10
7424,CA-2017-135069,4/10/2020,BS-11755,195.10
7425,CA-2017-135069,4/10/2020,BS-11755,36.67
7426,CA-2016-101693,6/25/2019,LC-17140,85.25
7427,CA-2016-101693,6/25/2019,LC-17140,32.71
7428,US-2014-164763,3/17/2017,MH-17440,11.43
7429,US-2014-164763,3/17/2017,MH-17440,30.44
7430,US-2014-164763,3/17/2017,MH-17440,12.96
7431,US-2014-164763,3/17/2017,MH-17440,16.00
7432,US-2014-164763,3/17/2017,MH-17440,32.67
7433,CA-2014-161249,8/9/2017,RD-19720,4.46
7434,CA-2014-161249,8/9/2017,RD-19720,9.35
7435,CA-2015-148180,7/26/2018,BP-11095,9.14
7436,CA-2015-148180,7/26/2018,BP-11095,23.14
7437,CA-2015-148180,7/26/2018,BP-11095,99.20
7438,CA-2014-165568,2/15/2017,BF-11020,21.36
7439,CA-2015-145457,3/24/2018,CP-12085,46.90
7442,CA-2015-120446,11/16/2018,JG-15805,18.90
7443,CA-2014-109932,12/9/2017,VP-21760,10.69
7444,CA-2014-109932,12/9/2017,VP-21760,237.10
7445,CA-2017-127474,2/3/2020,RD-19810,5.18
7446,CA-2017-127474,2/3/2020,RD-19810,65.58
7447,CA-2017-127474,2/3/2020,RD-19810,22.20
7448,CA-2017-127474,2/3/2020,RD-19810,419.40
7454,CA-2017-134796,6/25/2020,FM-14380,148.48
7455,CA-2016-137743,7/30/2019,KH-16360,9.25
7456,CA-2016-137743,7/30/2019,KH-16360,1036.62
7457,CA-2015-137974,4/16/2018,LL-16840,569.64
7458,CA-2015-137974,4/16/2018,LL-16840,9.14
7459,CA-2015-137974,4/16/2018,LL-16840,1196.86
7460,CA-2015-137974,4/16/2018,LL-16840,523.26
7461,US-2015-136987,4/11/2018,AR-10540,639.97
7462,US-2015-136987,4/11/2018,AR-10540,52.76
7463,CA-2015-138485,2/27/2018,NP-18670,538.92
7464,CA-2016-103709,9/8/2019,LP-17095,14.88
7465,CA-2016-103709,9/8/2019,LP-17095,34.24
7466,CA-2016-103709,9/8/2019,LP-17095,261.74
7467,CA-2016-138282,5/19/2019,AH-10690,87.84
7469,CA-2014-138100,9/15/2017,AA-10315,14.94
7470,CA-2014-138100,9/15/2017,AA-10315,14.56
7471,CA-2015-100734,9/15/2018,AC-10615,3.58
7472,CA-2015-100734,9/15/2018,AC-10615,147.18
7473,CA-2016-139997,7/1/2019,EM-14140,1499.95
7474,CA-2016-109652,4/10/2019,QJ-19255,13.57
7475,CA-2014-167199,1/6/2017,ME-17320,2573.82
7476,CA-2014-167199,1/6/2017,ME-17320,609.98
7477,CA-2014-167199,1/6/2017,ME-17320,5.48
7478,CA-2014-167199,1/6/2017,ME-17320,391.98
7479,CA-2014-167199,1/6/2017,ME-17320,755.96
7480,CA-2014-167199,1/6/2017,ME-17320,31.12
7481,CA-2014-167199,1/6/2017,ME-17320,6.54
7482,CA-2016-124583,9/1/2019,LB-16795,12.78
7483,CA-2014-113964,9/23/2017,JP-16135,18.46
7484,CA-2014-129938,12/15/2017,EB-13705,445.80
7487,US-2015-134558,12/19/2018,PM-19135,29.90
7488,US-2015-134558,12/19/2018,PM-19135,2249.91
7489,US-2015-134558,12/19/2018,PM-19135,1053.16
7491,CA-2015-108672,9/10/2018,FA-14230,106.68
7496,CA-2017-121048,7/14/2020,TC-21295,4.45
7497,CA-2017-121048,7/14/2020,TC-21295,276.69
7498,CA-2017-121048,7/14/2020,TC-21295,4.96
7499,CA-2017-121048,7/14/2020,TC-21295,71.92
7500,CA-2017-121048,7/14/2020,TC-21295,18.84
7501,CA-2017-121048,7/14/2020,TC-21295,140.97
7502,CA-2017-121048,7/14/2020,TC-21295,470.38
7503,US-2017-120147,3/30/2020,TB-21400,6.08
7504,US-2017-120147,3/30/2020,TB-21400,164.79
7505,CA-2016-158043,1/31/2019,JK-15325,23.36
7506,US-2017-106579,6/8/2020,BW-11200,12.18
7507,CA-2014-115889,11/2/2017,SH-20395,46.38
7508,CA-2014-115889,11/2/2017,SH-20395,362.92
7509,US-2017-161935,7/14/2020,JL-15835,9.25
7510,US-2017-161935,7/14/2020,JL-15835,1889.95
7511,US-2017-161935,7/14/2020,JL-15835,62.04
7512,US-2017-161935,7/14/2020,JL-15835,396.92
7513,US-2017-161935,7/14/2020,JL-15835,239.46
7514,US-2017-161935,7/14/2020,JL-15835,13.12
7522,CA-2016-162383,9/5/2019,MD-17350,8.95
7523,CA-2016-162383,9/5/2019,MD-17350,8.86
7524,CA-2016-162383,9/5/2019,MD-17350,85.25
7525,CA-2014-125731,9/10/2017,CL-12565,21.73
7526,CA-2014-125731,9/10/2017,CL-12565,1487.04
7532,CA-2016-107146,6/17/2019,LC-16885,266.35
7533,CA-2016-107146,6/17/2019,LC-16885,483.14
7534,US-2017-134642,2/25/2020,SW-20245,196.78
7535,US-2017-134642,2/25/2020,SW-20245,231.92
7536,US-2017-160143,3/31/2020,HG-14965,29.70
7538,CA-2016-106460,2/19/2019,GT-14710,70.88
7546,CA-2014-103492,10/10/2017,CM-12715,719.95
7547,CA-2014-103492,10/10/2017,CM-12715,755.94
7548,CA-2014-103492,10/10/2017,CM-12715,11.98
7549,CA-2014-103492,10/10/2017,CM-12715,0.90
7550,CA-2016-136595,9/5/2019,EM-13825,21.20
7551,CA-2014-140396,11/20/2017,KH-16330,34.74
7552,CA-2014-140396,11/20/2017,KH-16330,833.94
7553,CA-2014-140396,11/20/2017,KH-16330,12.96
7554,CA-2014-140396,11/20/2017,KH-16330,25.92
7555,CA-2014-114181,5/10/2017,AF-10885,349.97
7556,CA-2014-114181,5/10/2017,AF-10885,22.32
7559,US-2014-137155,11/1/2017,DL-12925,533.94
7560,US-2014-137155,11/1/2017,DL-12925,167.94
7561,US-2014-137155,11/1/2017,DL-12925,31.68
7562,CA-2016-105746,12/30/2019,BD-11605,170.79
7563,US-2016-104815,9/3/2019,RB-19570,198.74
7565,US-2016-166660,1/30/2019,TB-21250,435.17
7566,US-2016-166660,1/30/2019,TB-21250,48.58
7567,CA-2017-140802,4/21/2020,KN-16390,47.98
7568,CA-2017-140802,4/21/2020,KN-16390,20.74
7569,CA-2014-133830,12/5/2017,RL-19615,26.46
7570,CA-2014-133830,12/5/2017,RL-19615,49.12
7571,CA-2014-133830,12/5/2017,RL-19615,15.00
7572,CA-2014-100916,10/21/2017,FH-14275,194.70
7573,CA-2014-100916,10/21/2017,FH-14275,591.32
7574,CA-2014-100916,10/21/2017,FH-14275,2.84
7575,CA-2015-129532,12/8/2018,YS-21880,221.96
7576,CA-2015-129532,12/8/2018,YS-21880,236.00
7577,CA-2014-134726,11/2/2017,SW-20755,41.94
7578,CA-2014-134726,11/2/2017,SW-20755,52.79
7579,CA-2016-138597,12/18/2019,PN-18775,563.94
7580,CA-2015-123113,11/23/2018,AT-10735,2625.12
7581,CA-2015-123113,11/23/2018,AT-10735,17.94
7582,CA-2015-169656,8/13/2018,EJ-13720,422.86
7583,CA-2015-142734,4/16/2018,DM-13345,127.76
7584,CA-2014-163223,3/21/2017,KH-16690,3499.93
7585,CA-2014-163223,3/21/2017,KH-16690,14.40
7586,CA-2014-163223,3/21/2017,KH-16690,122.97
7587,CA-2014-163223,3/21/2017,KH-16690,9.32
7588,CA-2014-163223,3/21/2017,KH-16690,122.94
7590,CA-2015-139738,9/25/2018,DK-12895,128.74
7591,CA-2016-158778,9/5/2019,DB-13210,58.25
7592,CA-2016-158778,9/5/2019,DB-13210,71.25
7593,CA-2016-158778,9/5/2019,DB-13210,7.87
7594,CA-2016-158778,9/5/2019,DB-13210,887.27
7595,CA-2017-119655,4/20/2020,CV-12295,146.86
7596,CA-2017-119655,4/20/2020,CV-12295,36.56
7597,CA-2015-164567,6/15/2018,GK-14620,225.58
7598,CA-2014-131947,9/17/2017,JA-15970,5.25
7599,CA-2014-131947,9/17/2017,JA-15970,38.26
7600,CA-2014-131947,9/17/2017,JA-15970,40.24
7601,CA-2014-131947,9/17/2017,JA-15970,29.93
7602,CA-2014-131947,9/17/2017,JA-15970,148.70
7603,CA-2014-131947,9/17/2017,JA-15970,55.92
7604,CA-2016-152520,7/8/2019,TH-21115,12.96
7605,CA-2016-101791,5/27/2019,BS-11665,25.18
7606,CA-2016-101791,5/27/2019,BS-11665,5.58
7607,CA-2016-101791,5/27/2019,BS-11665,1297.37
7609,CA-2017-163209,5/3/2020,MK-18160,25.92
7610,CA-2017-163209,5/3/2020,MK-18160,22.96
7611,CA-2014-133354,2/22/2017,SA-20830,19.44
7612,US-2015-130491,2/8/2018,BH-11710,9.54
7613,US-2015-130491,2/8/2018,BH-11710,5.81
7614,US-2015-130491,2/8/2018,BH-11710,5.76
7615,CA-2015-113740,8/24/2018,SC-20380,14.91
7616,CA-2014-148425,11/30/2017,RF-19345,6.64
7617,CA-2016-144309,12/10/2019,CM-12235,18.54
7618,CA-2016-144309,12/10/2019,CM-12235,679.96
7621,US-2014-144078,11/25/2017,RB-19435,539.92
7622,US-2014-144078,11/25/2017,RB-19435,725.34
7623,US-2014-144078,11/25/2017,RB-19435,7.44
7624,CA-2014-124464,7/14/2017,SS-20515,39.48
7625,CA-2015-136805,5/23/2018,NM-18445,850.50
7626,CA-2015-136805,5/23/2018,NM-18445,75.33
7627,US-2015-159499,11/21/2018,EM-14095,325.63
7628,US-2015-159499,11/21/2018,EM-14095,23.34
7629,US-2015-159499,11/21/2018,EM-14095,16.52
7630,CA-2014-162089,3/30/2017,MP-17470,335.72
7631,CA-2014-162089,3/30/2017,MP-17470,251.94
7632,CA-2014-162089,3/30/2017,MP-17470,127.30
7638,CA-2017-104885,3/2/2020,DB-13555,59.52
7639,CA-2017-104885,3/2/2020,DB-13555,57.96
7640,CA-2017-104885,3/2/2020,DB-13555,441.96
7641,CA-2017-104885,3/2/2020,DB-13555,68.04
7642,US-2016-157490,10/6/2019,LB-16795,703.71
7643,US-2016-157490,10/6/2019,LB-16795,17.90
7644,US-2016-157490,10/6/2019,LB-16795,11.98
7645,US-2016-157490,10/6/2019,LB-16795,67.96
7646,CA-2015-161452,4/5/2018,CA-11965,892.22
7647,US-2014-115196,9/9/2017,DL-12925,1299.99
7648,CA-2016-138968,3/15/2019,FC-14335,4.54
7649,CA-2016-138968,3/15/2019,FC-14335,1352.03
7650,CA-2015-101889,12/27/2018,DB-13120,1548.99
7651,CA-2015-101889,12/27/2018,DB-13120,19.87
7654,CA-2015-121552,3/22/2018,FW-14395,19.56
7655,CA-2015-107685,11/30/2018,JM-15865,80.96
7656,CA-2015-107685,11/30/2018,JM-15865,25.92
7657,US-2014-120740,4/15/2017,PS-18970,106.96
7658,US-2014-120740,4/15/2017,PS-18970,187.76
7659,CA-2017-155740,7/30/2020,TC-21475,76.78
7660,CA-2017-146493,6/1/2020,CV-12805,53.90
7661,CA-2014-105417,1/7/2017,VS-21820,76.73
7662,CA-2014-105417,1/7/2017,VS-21820,10.43
7665,CA-2014-151967,10/22/2017,NB-18580,129.92
7666,US-2016-140158,10/4/2019,DR-12940,30.40
7667,US-2016-140158,10/4/2019,DR-12940,5399.91
7668,US-2016-140158,10/4/2019,DR-12940,119.10
7669,CA-2015-130974,11/27/2018,MA-17560,40.08
7670,CA-2015-130974,11/27/2018,MA-17560,59.94
7671,CA-2015-130974,11/27/2018,MA-17560,259.98
7672,CA-2015-130974,11/27/2018,MA-17560,170.98
7673,CA-2015-130974,11/27/2018,MA-17560,38.97
7674,CA-2015-130974,11/27/2018,MA-17560,154.90
7675,CA-2015-130974,11/27/2018,MA-17560,446.07
7676,CA-2017-133487,5/6/2020,TS-21655,152.94
7677,CA-2014-142951,10/8/2017,JG-15115,23.47
7678,CA-2014-133592,12/31/2017,KM-16375,195.64
7679,CA-2014-133592,12/31/2017,KM-16375,14.94
7680,CA-2014-133592,12/31/2017,KM-16375,1687.80
7681,CA-2014-133592,12/31/2017,KM-16375,341.96
7682,CA-2014-133592,12/31/2017,KM-16375,605.88
7683,CA-2015-120782,4/28/2018,SD-20485,186.73
7684,CA-2015-120782,4/28/2018,SD-20485,3812.97
7685,CA-2015-116876,2/14/2018,TT-21070,26.42
7686,CA-2015-116876,2/14/2018,TT-21070,625.99
7687,CA-2016-169838,11/25/2019,BB-11545,1568.61
7688,CA-2016-169838,11/25/2019,BB-11545,17.30
7689,CA-2016-169838,11/25/2019,BB-11545,160.00
7690,US-2017-128951,7/15/2020,RS-19420,179.94
7691,US-2017-128951,7/15/2020,RS-19420,872.94
7692,US-2017-128951,7/15/2020,RS-19420,12.96
7693,CA-2014-102330,12/29/2017,AI-10855,88.80
7694,CA-2014-102330,12/29/2017,AI-10855,319.97
7695,CA-2016-118899,3/22/2019,MC-17275,167.89
7696,CA-2017-107958,7/2/2020,AH-10120,163.96
7697,CA-2017-107958,7/2/2020,AH-10120,5.23
7703,CA-2016-114601,8/26/2019,AA-10480,11.56
7704,CA-2016-114601,8/26/2019,AA-10480,209.97
7705,CA-2016-114601,8/26/2019,AA-10480,447.84
7706,CA-2016-114601,8/26/2019,AA-10480,479.97
7707,CA-2016-114601,8/26/2019,AA-10480,8.64
7709,CA-2014-139542,10/25/2017,EH-14185,40.78
7710,CA-2014-139542,10/25/2017,EH-14185,13.70
7711,US-2015-142811,4/2/2018,JL-15850,87.80
7715,CA-2014-150203,12/5/2017,JB-15925,250.26
7717,CA-2015-149636,1/6/2018,SP-20620,29.60
7718,CA-2015-149636,1/6/2018,SP-20620,1.94
7720,CA-2015-108588,1/5/2018,BG-11695,59.52
7721,CA-2015-108588,1/5/2018,BG-11695,17.48
7722,CA-2015-108588,1/5/2018,BG-11695,13.17
7723,US-2017-138086,4/16/2020,JO-15550,40.74
7724,CA-2015-139374,9/10/2018,AR-10345,179.89
7725,CA-2016-113978,9/25/2019,TS-21505,286.26
7726,CA-2016-113978,9/25/2019,TS-21505,24.22
7727,CA-2016-113978,9/25/2019,TS-21505,331.54
7728,US-2015-150231,3/16/2018,JK-15640,17.52
7729,CA-2016-106915,11/26/2019,GA-14515,17.86
7730,US-2016-109260,9/26/2019,TN-21040,431.98
7731,CA-2017-104850,6/13/2020,TW-21025,291.14
7733,CA-2017-143294,6/2/2020,JD-15790,10.69
7734,CA-2016-165673,5/15/2019,MN-17935,15.23
7736,US-2016-106313,8/22/2019,DG-13300,19.44
7737,CA-2014-105872,5/30/2017,JG-15160,70.37
7739,CA-2017-141103,7/30/2020,JF-15355,89.95
7740,CA-2014-154781,11/21/2017,SC-20680,6.58
7741,CA-2014-154781,11/21/2017,SC-20680,94.99
7742,CA-2015-147816,9/24/2018,CM-11935,35.12
7744,CA-2016-133613,6/17/2019,CP-12340,7.96
7745,CA-2016-133613,6/17/2019,CP-12340,566.97
7746,CA-2016-133613,6/17/2019,CP-12340,9.84
7747,CA-2015-109113,12/19/2018,EK-13795,25.49
7748,CA-2015-156153,5/31/2018,CW-11905,7.56
7749,CA-2015-133242,6/18/2018,KH-16510,60.84
7750,CA-2015-133242,6/18/2018,KH-16510,450.04
7751,CA-2015-133242,6/18/2018,KH-16510,34.60
7752,CA-2015-133242,6/18/2018,KH-16510,467.97
7753,CA-2015-133242,6/18/2018,KH-16510,33.02
7754,CA-2015-158323,11/30/2018,AB-10600,17.09
7755,CA-2015-161795,12/21/2018,AH-10075,3.01
7760,CA-2016-158925,10/24/2019,JP-15460,15.55
7761,CA-2014-155390,12/6/2017,BG-11035,42.21
7764,CA-2015-103093,2/3/2018,FO-14305,74.52
7768,CA-2015-169299,8/24/2018,DO-13435,7.15
7770,CA-2016-155978,8/1/2019,TS-21205,1039.73
7771,CA-2016-155978,8/1/2019,TS-21205,45.96
7772,CA-2016-108196,11/25/2019,CS-12505,456.59
7773,CA-2016-108196,11/25/2019,CS-12505,4499.99
7774,CA-2016-108196,11/25/2019,CS-12505,59.98
7775,CA-2016-152800,4/13/2019,SP-20920,6.12
7776,CA-2014-166961,12/27/2017,CD-12790,10.98
7777,CA-2014-166961,12/27/2017,CD-12790,7.86
7778,CA-2014-166961,12/27/2017,CD-12790,51.45
7779,CA-2014-166961,12/27/2017,CD-12790,37.06
7780,CA-2016-139381,4/18/2019,RF-19840,203.92
7781,CA-2016-139381,4/18/2019,RF-19840,29.56
7782,CA-2015-132136,3/8/2018,FO-14305,8.57
7783,CA-2016-162236,11/4/2019,ER-13855,45.25
7784,CA-2016-162236,11/4/2019,ER-13855,876.30
7785,CA-2016-162236,11/4/2019,ER-13855,185.38
7786,US-2014-111353,11/29/2017,PB-19150,25.06
7787,US-2016-117037,5/17/2019,LW-17215,2.89
7788,US-2016-117037,5/17/2019,LW-17215,7.90
7789,US-2016-117037,5/17/2019,LW-17215,22.61
7790,US-2016-117037,5/17/2019,LW-17215,30.53
7792,CA-2016-108364,12/19/2019,BP-11050,1.80
7794,CA-2015-127481,12/12/2018,JD-15895,32.40
7795,CA-2015-127481,12/12/2018,JD-15895,97.88
7796,CA-2015-112711,7/12/2018,FM-14380,307.17
7797,US-2015-145121,10/2/2018,MP-17965,26.90
7798,CA-2017-166184,3/24/2020,HR-14830,47.01
7799,CA-2017-166184,3/24/2020,HR-14830,469.99
7800,CA-2017-166184,3/24/2020,HR-14830,207.85
7801,CA-2017-157413,6/1/2020,BW-11065,324.74
7802,CA-2014-143637,3/24/2017,MS-17710,40.48
7803,CA-2015-102260,9/22/2018,SJ-20125,12.00
7804,CA-2015-102260,9/22/2018,SJ-20125,720.06
7805,CA-2015-102260,9/22/2018,SJ-20125,25.42
7806,CA-2015-102260,9/22/2018,SJ-20125,2.82
7807,CA-2015-102260,9/22/2018,SJ-20125,3.20
7808,US-2016-137295,1/8/2019,VS-21820,30.83
7809,US-2016-137295,1/8/2019,VS-21820,47.62
7810,US-2016-137295,1/8/2019,VS-21820,108.78
7811,CA-2016-134334,2/14/2019,DK-13090,4.77
7812,CA-2016-134334,2/14/2019,DK-13090,7.98
7813,CA-2016-134334,2/14/2019,DK-13090,550.43
7814,CA-2016-134334,2/14/2019,DK-13090,10.56
7815,US-2017-109316,6/8/2020,MG-17680,1497.67
7816,US-2017-109316,6/8/2020,MG-17680,17.52
7817,CA-2016-138478,10/21/2019,DP-13390,113.22
7818,CA-2016-138478,10/21/2019,DP-13390,35.88
7819,CA-2016-138478,10/21/2019,DP-13390,4535.98
7820,CA-2017-150469,1/26/2020,CJ-12010,11.84
7822,CA-2016-169334,10/21/2019,GW-14605,111.67
7823,US-2014-115413,8/26/2017,PP-18955,8.64
7824,US-2014-115413,8/26/2017,PP-18955,149.97
7825,CA-2014-125150,5/16/2017,PW-19030,232.88
7826,CA-2015-127327,2/3/2018,PW-19030,90.88
7829,CA-2015-137302,4/26/2018,BW-11110,63.94
7830,CA-2015-137302,4/26/2018,BW-11110,59.52
7831,CA-2015-137302,4/26/2018,BW-11110,311.98
7832,CA-2015-137302,4/26/2018,BW-11110,50.35
7833,CA-2016-112382,5/9/2019,MB-18085,19.14
7834,CA-2015-128958,1/24/2018,CR-12820,13.12
7835,CA-2015-106257,4/13/2018,EB-14110,241.57
7836,CA-2015-106257,4/13/2018,EB-14110,479.92
7837,CA-2015-149083,9/25/2018,SH-19975,307.14
7838,CA-2015-149083,9/25/2018,SH-19975,12.60
7839,CA-2015-149083,9/25/2018,SH-19975,159.98
7840,US-2014-137869,3/28/2017,CV-12295,6.12
7841,US-2014-137869,3/28/2017,CV-12295,1184.72
7842,CA-2016-116603,7/17/2019,AT-10735,45.96
7843,CA-2014-158470,4/19/2017,AG-10390,58.05
7844,CA-2014-158470,4/19/2017,AG-10390,71.28
7845,US-2017-123834,7/21/2020,GM-14500,124.40
7846,CA-2015-125976,9/27/2018,JK-15205,154.90
7847,CA-2015-125976,9/27/2018,JK-15205,1871.88
7848,CA-2016-128706,2/27/2019,DW-13540,16.19
7849,CA-2016-104311,5/2/2019,AS-10090,18.94
7850,CA-2016-104311,5/2/2019,AS-10090,12.67
7851,CA-2016-104311,5/2/2019,AS-10090,5.04
7852,CA-2014-169649,12/9/2017,TS-21205,8.45
7853,CA-2014-169649,12/9/2017,TS-21205,20.39
7854,CA-2015-144890,12/25/2018,SM-20320,9.96
7857,CA-2014-103429,5/30/2017,LW-16825,25.58
7858,CA-2014-103429,5/30/2017,LW-16825,464.00
7859,CA-2014-103429,5/30/2017,LW-16825,235.95
7860,CA-2014-103429,5/30/2017,LW-16825,39.96
7861,CA-2017-152261,3/2/2020,JA-15970,18.53
7862,CA-2015-142993,10/12/2018,KA-16525,17.90
7863,CA-2015-142993,10/12/2018,KA-16525,81.96
7864,CA-2015-143364,7/14/2018,TG-21310,272.74
7865,CA-2015-143364,7/14/2018,TG-21310,18.50
7866,CA-2015-143364,7/14/2018,TG-21310,441.92
7867,CA-2015-143364,7/14/2018,TG-21310,127.76
7868,CA-2014-100972,11/19/2017,DB-13360,166.44
7869,CA-2016-136994,5/27/2019,LS-17245,13.38
7870,US-2017-166233,7/3/2020,MO-17950,24.00
7872,CA-2016-101672,10/3/2019,DB-12910,6.16
7873,CA-2016-101672,10/3/2019,DB-12910,915.14
7874,CA-2016-101672,10/3/2019,DB-12910,8.56
7875,CA-2016-101672,10/3/2019,DB-12910,97.82
7878,CA-2015-148705,3/12/2018,EB-14170,5.04
7879,CA-2016-160241,11/29/2019,DR-12940,242.18
7880,CA-2016-155747,6/14/2019,JS-15685,337.18
7889,CA-2016-113117,8/16/2019,JP-15520,32.40
7890,CA-2016-148684,12/25/2019,TS-21655,19.89
7891,CA-2016-148684,12/25/2019,TS-21655,399.98
7892,CA-2016-148684,12/25/2019,TS-21655,343.85
7893,CA-2016-148684,12/25/2019,TS-21655,106.32
7894,CA-2017-125367,7/23/2020,NM-18445,13.92
7895,CA-2017-124744,6/21/2020,EH-14125,82.40
7896,CA-2017-124744,6/21/2020,EH-14125,6.24
7897,CA-2017-124744,6/21/2020,EH-14125,447.84
7905,CA-2015-126669,11/7/2018,DO-13645,76.64
7906,US-2015-118766,10/15/2018,LS-16975,4.46
7907,US-2015-118766,10/15/2018,LS-16975,3.96
7908,CA-2016-112585,7/30/2019,RW-19630,715.64
7909,CA-2016-149762,12/3/2019,RD-19720,268.70
7910,CA-2016-149762,12/3/2019,RD-19720,21.92
7911,CA-2016-149762,12/3/2019,RD-19720,48.72
7912,CA-2016-149762,12/3/2019,RD-19720,205.67
7913,CA-2016-167605,4/28/2019,RB-19570,30.34
7915,CA-2017-165323,6/17/2020,SR-20740,3404.50
7916,CA-2017-165323,6/17/2020,SR-20740,101.34
7917,CA-2015-110891,11/20/2018,PO-19195,344.37
7919,CA-2015-152513,7/4/2018,JP-16135,22.85
7922,CA-2017-107713,3/13/2020,JB-16000,174.30
7925,CA-2016-125843,8/13/2019,RF-19840,22.32
7926,CA-2016-125843,8/13/2019,RF-19840,103.60
7930,CA-2017-167549,7/25/2020,EM-14200,298.12
7931,CA-2016-120082,3/25/2019,DK-12835,59.52
7932,US-2016-168095,7/15/2019,MC-17425,230.28
7933,US-2016-168095,7/15/2019,MC-17425,105.52
7941,CA-2016-146325,12/14/2019,DS-13180,81.42
7942,CA-2016-146325,12/14/2019,DS-13180,134.80
7948,CA-2014-131009,3/1/2017,SC-20380,18.84
7949,CA-2014-131009,3/1/2017,SC-20380,362.25
7950,CA-2014-131009,3/1/2017,SC-20380,63.55
7951,CA-2014-131009,3/1/2017,SC-20380,129.55
7952,CA-2015-145814,11/19/2018,KD-16345,5.98
7953,CA-2015-145814,11/19/2018,KD-16345,861.76
7954,CA-2014-138359,4/1/2017,KH-16330,66.96
7955,CA-2014-138359,4/1/2017,KH-16330,6.24
7967,CA-2015-138219,3/23/2018,BP-11095,33.36
7968,CA-2016-157707,10/10/2019,CC-12610,90.88
7969,CA-2016-157707,10/10/2019,CC-12610,15.99
7970,CA-2016-157707,10/10/2019,CC-12610,120.78
7971,US-2015-126753,8/16/2018,SP-20860,519.79
7972,US-2015-126753,8/16/2018,SP-20860,31.18
7973,US-2015-126753,8/16/2018,SP-20860,10.37
7974,US-2015-126753,8/16/2018,SP-20860,2.72
7975,US-2015-126753,8/16/2018,SP-20860,254.35
7976,US-2015-126753,8/16/2018,SP-20860,3.76
7977,US-2015-126753,8/16/2018,SP-20860,10.27
7978,CA-2014-166051,5/31/2017,JK-15625,659.97
7979,CA-2014-166051,5/31/2017,JK-15625,113.73
7980,CA-2015-113040,8/27/2018,CC-12100,5.10
7981,CA-2014-103800,1/3/2017,DP-13000,16.45
7982,CA-2014-113383,9/10/2017,SF-20065,81.92
7983,CA-2014-113383,9/10/2017,SF-20065,254.90
7984,CA-2017-152499,1/22/2020,EH-13765,15.12
7985,CA-2017-152499,1/22/2020,EH-13765,7.87
7986,CA-2016-151498,4/21/2019,DN-13690,8.32
7987,CA-2016-137939,7/20/2019,PJ-19015,89.95
7988,US-2016-117793,8/23/2019,MA-17560,25.20
7989,US-2016-117793,8/23/2019,MA-17560,37.59
7990,US-2016-117793,8/23/2019,MA-17560,14.97
7991,US-2016-117793,8/23/2019,MA-17560,1.98
7992,CA-2016-133872,6/14/2019,VM-21835,39.94
7993,CA-2016-133872,6/14/2019,VM-21835,18.46
7994,US-2015-165743,11/20/2018,MM-18055,4.90
7995,US-2015-165743,11/20/2018,MM-18055,145.76
7996,US-2015-165743,11/20/2018,MM-18055,9.61
7999,US-2014-148194,5/4/2017,BS-11365,12.18
8000,US-2014-148194,5/4/2017,BS-11365,57.68
8001,US-2015-151407,11/8/2018,RD-19585,263.96
8002,CA-2015-110870,12/12/2018,KD-16270,299.94
8003,CA-2015-110870,12/12/2018,KD-16270,25.76
8004,CA-2014-143210,12/1/2017,AA-10645,271.90
8005,CA-2014-143210,12/1/2017,AA-10645,45.84
8006,CA-2014-143210,12/1/2017,AA-10645,9.82
8007,CA-2016-139808,10/7/2019,MC-18100,93.36
8008,CA-2015-110863,11/17/2018,AA-10645,541.24
8009,CA-2015-110863,11/17/2018,AA-10645,106.32
8010,CA-2015-110863,11/17/2018,AA-10645,1323.90
8011,CA-2014-127859,3/17/2017,QJ-19255,126.62
8012,US-2015-136427,6/20/2018,JM-16195,125.94
8013,CA-2017-120168,5/25/2020,TB-21625,663.92
8014,CA-2017-120168,5/25/2020,TB-21625,120.00
8015,CA-2017-120168,5/25/2020,TB-21625,3.29
8016,CA-2017-120168,5/25/2020,TB-21625,18.84
8017,US-2014-131870,9/9/2017,NF-18595,60.67
8018,US-2014-131870,9/9/2017,NF-18595,30.82
8022,CA-2014-129189,7/21/2017,HM-14860,4.99
8023,CA-2014-129189,7/21/2017,HM-14860,87.92
8024,CA-2014-129189,7/21/2017,HM-14860,657.93
8025,CA-2014-129189,7/21/2017,HM-14860,1.04
8026,CA-2015-132465,9/11/2018,DM-13525,210.68
8027,CA-2015-132465,9/11/2018,DM-13525,78.80
8028,CA-2015-132465,9/11/2018,DM-13525,19.99
8029,CA-2015-132465,9/11/2018,DM-13525,772.68
8030,CA-2016-166373,10/21/2019,JF-15565,106.08
8031,CA-2016-158806,1/7/2019,NM-18520,23.08
8032,CA-2016-158806,1/7/2019,NM-18520,25.92
8033,CA-2015-119690,6/25/2018,MV-17485,47.95
8034,CA-2015-119690,6/25/2018,MV-17485,0.98
8035,CA-2015-119690,6/25/2018,MV-17485,75.38
8036,CA-2015-119690,6/25/2018,MV-17485,4.61
8037,CA-2015-153738,9/20/2018,AG-10270,37.68
8038,CA-2017-169012,7/10/2020,BF-11275,41.91
8039,CA-2017-109393,6/30/2020,JC-15775,436.00
8043,US-2017-133081,3/11/2020,PV-18985,63.88
8044,US-2017-133081,3/11/2020,PV-18985,26.72
8046,CA-2016-145611,9/20/2019,HA-14905,393.25
8047,CA-2016-113600,12/15/2019,SH-20395,2.21
8049,CA-2016-168543,7/3/2019,DK-13225,706.86
8050,CA-2014-144974,9/26/2017,CM-12715,5.97
8051,CA-2014-144974,9/26/2017,CM-12715,21.18
8052,CA-2014-144974,9/26/2017,CM-12715,41.38
8053,CA-2014-109904,7/14/2017,BF-10975,17.94
8055,CA-2015-121188,8/28/2018,CB-12025,892.35
8056,CA-2015-121188,8/28/2018,CB-12025,307.67
8057,CA-2015-121188,8/28/2018,CB-12025,728.82
8058,CA-2015-121188,8/28/2018,CB-12025,41.36
8059,CA-2015-121188,8/28/2018,CB-12025,43.18
8060,CA-2015-121188,8/28/2018,CB-12025,4.16
8061,CA-2015-156013,9/20/2018,TC-20980,61.40
8062,CA-2015-156013,9/20/2018,TC-20980,24.45
8063,CA-2016-132997,11/7/2019,LW-17215,263.96
8064,CA-2016-132997,11/7/2019,LW-17215,359.97
8065,CA-2016-132997,11/7/2019,LW-17215,12.96
8066,CA-2016-132997,11/7/2019,LW-17215,116.82
8067,CA-2016-132997,11/7/2019,LW-17215,276.78
8068,US-2015-160563,10/20/2018,NS-18640,239.97
8069,US-2015-160563,10/20/2018,NS-18640,16.02
8070,CA-2017-151750,1/1/2020,JM-15250,454.56
8071,CA-2017-151750,1/1/2020,JM-15250,141.42
8072,CA-2017-151750,1/1/2020,JM-15250,310.74
8073,CA-2017-151750,1/1/2020,JM-15250,12.74
8074,CA-2017-151750,1/1/2020,JM-15250,6.47
8075,CA-2017-151750,1/1/2020,JM-15250,13.75
8076,CA-2017-151750,1/1/2020,JM-15250,15.22
8077,CA-2015-106187,6/23/2018,RF-19345,27.42
8078,CA-2015-106187,6/23/2018,RF-19345,165.98
8079,CA-2015-106187,6/23/2018,RF-19345,75.00
8080,US-2016-164945,11/22/2019,CA-12055,134.27
8081,CA-2015-150714,10/26/2018,KH-16690,146.54
8082,CA-2015-150714,10/26/2018,KH-16690,131.90
8083,CA-2015-150714,10/26/2018,KH-16690,203.88
8084,CA-2015-150714,10/26/2018,KH-16690,14.30
8085,CA-2015-150714,10/26/2018,KH-16690,718.64
8086,CA-2016-105753,10/20/2019,LC-16960,61.10
8087,CA-2017-120894,4/28/2020,JL-15130,28.08
8088,CA-2016-106621,9/29/2019,DM-12955,10.50
8089,CA-2015-107020,7/10/2018,MV-18190,39.92
8090,US-2015-117492,8/7/2018,NS-18640,77.58
8091,CA-2014-101392,12/7/2017,AS-10630,269.36
8092,CA-2015-127502,12/10/2018,MT-17815,5.76
8094,CA-2017-133046,7/27/2020,DK-13375,23.88
8095,CA-2017-133046,7/27/2020,DK-13375,26.20
8096,CA-2017-133046,7/27/2020,DK-13375,12.96
8097,CA-2017-133046,7/27/2020,DK-13375,234.95
8100,CA-2016-169663,3/10/2019,RH-19510,26.85
8101,CA-2016-169663,3/10/2019,RH-19510,3357.60
8102,CA-2015-149846,5/22/2018,SB-20185,8.26
8103,CA-2015-149846,5/22/2018,SB-20185,2973.32
8104,CA-2015-149846,5/22/2018,SB-20185,104.79
8105,CA-2015-149846,5/22/2018,SB-20185,775.73
8106,CA-2017-159149,2/17/2020,CR-12820,89.07
8107,CA-2017-159149,2/17/2020,CR-12820,175.44
8108,CA-2017-159149,2/17/2020,CR-12820,438.34
8112,CA-2016-130393,12/1/2019,JM-15865,248.43
8113,CA-2016-130393,12/1/2019,JM-15865,11.65
8114,CA-2016-130393,12/1/2019,JM-15865,85.25
8118,US-2017-113201,6/30/2020,TT-21220,204.95
8119,US-2017-106551,7/22/2020,EB-13930,526.34
8120,CA-2016-116722,11/11/2019,LP-17080,41.96
8121,CA-2016-116722,11/11/2019,LP-17080,451.15
8122,CA-2016-116722,11/11/2019,LP-17080,31.50
8123,CA-2014-138128,12/9/2017,FP-14320,30.67
8124,CA-2014-138128,12/9/2017,FP-14320,1079.98
8126,CA-2015-137064,2/6/2018,TS-21655,2.93
8127,CA-2015-137064,2/6/2018,TS-21655,18.53
8128,CA-2015-137064,2/6/2018,TS-21655,670.75
8130,CA-2014-127866,7/20/2017,JD-15895,41.94
8131,CA-2014-127866,7/20/2017,JD-15895,11.96
8132,CA-2014-127866,7/20/2017,JD-15895,13.12
8133,CA-2014-127866,7/20/2017,JD-15895,535.41
8134,CA-2015-131352,10/8/2018,GH-14485,72.78
8135,CA-2015-121776,2/16/2018,RD-19585,36.84
8136,CA-2015-121776,2/16/2018,RD-19585,87.71
8137,CA-2016-118073,8/12/2019,CS-12490,562.29
8138,CA-2014-103219,11/9/2017,BF-11215,56.52
8139,CA-2016-102561,7/18/2019,NK-18490,11.26
8140,CA-2016-102561,7/18/2019,NK-18490,284.08
8141,CA-2016-102561,7/18/2019,NK-18490,18.50
8142,CA-2016-100993,2/5/2019,AZ-10750,14.73
8143,CA-2016-100993,2/5/2019,AZ-10750,186.54
8144,CA-2016-100993,2/5/2019,AZ-10750,557.73
8145,CA-2016-100993,2/5/2019,AZ-10750,159.97
8146,US-2014-112949,6/20/2017,Co-12640,471.90
8147,US-2014-112949,6/20/2017,Co-12640,3.52
8148,US-2017-146822,6/9/2020,AG-10675,49.12
8149,US-2016-131058,12/27/2019,EM-14140,20.16
8150,CA-2014-167997,1/26/2017,CA-11965,10.68
8151,CA-2014-167997,1/26/2017,CA-11965,141.96
8152,CA-2017-140151,3/23/2020,RB-19360,32.48
8153,CA-2017-140151,3/23/2020,RB-19360,20.04
8154,CA-2017-140151,3/23/2020,RB-19360,13999.96
8155,US-2017-143770,3/20/2020,RD-19720,238.00
8156,US-2017-143770,3/20/2020,RD-19720,61.96
8157,CA-2016-131296,10/4/2019,MS-17830,239.37
8158,CA-2016-103464,11/18/2019,PG-18820,595.00
8160,CA-2016-120803,3/9/2019,RB-19465,199.75
8161,CA-2016-134138,2/16/2019,JD-15790,227.96
8162,CA-2015-120915,9/28/2018,JJ-15445,293.52
8163,CA-2015-120915,9/28/2018,JJ-15445,307.98
8164,CA-2015-168207,11/2/2018,LT-17110,96.96
8165,CA-2015-168207,11/2/2018,LT-17110,117.49
8166,CA-2015-168207,11/2/2018,LT-17110,11.95
8167,CA-2015-168207,11/2/2018,LT-17110,512.50
8168,CA-2016-144148,7/31/2019,AH-10690,863.13
8172,CA-2016-146150,2/14/2019,FM-14380,264.18
8173,CA-2014-114125,7/9/2017,GH-14410,2.88
8174,CA-2014-114125,7/9/2017,GH-14410,41.90
8175,CA-2014-114125,7/9/2017,GH-14410,23.92
8176,CA-2016-114944,1/30/2019,HE-14800,156.51
8177,CA-2016-135965,9/22/2019,SZ-20035,128.34
8179,CA-2016-166429,9/2/2019,TG-21310,999.98
8180,CA-2015-112767,8/2/2018,DK-12985,277.50
8181,CA-2015-119879,11/21/2018,SS-20410,1252.70
8182,CA-2015-119879,11/21/2018,SS-20410,110.97
8183,CA-2017-155642,5/18/2020,BM-11575,22.61
8184,CA-2017-155642,5/18/2020,BM-11575,1.89
8185,US-2017-101721,7/23/2020,MY-17380,63.31
8186,CA-2015-136728,9/13/2018,AG-10900,7.82
8187,CA-2015-136728,9/13/2018,AG-10900,170.07
8188,CA-2016-127194,12/10/2019,BW-11110,62.82
8189,CA-2015-140375,10/2/2018,SG-20470,19.44
8190,CA-2015-140375,10/2/2018,SG-20470,7.38
8193,CA-2015-141327,11/30/2018,LR-16915,6.05
8194,CA-2015-141327,11/30/2018,LR-16915,98.35
8195,CA-2015-141327,11/30/2018,LR-16915,335.74
8196,CA-2015-136700,12/6/2018,DB-13120,8.96
8200,CA-2017-125269,4/24/2020,AF-10870,10.43
8201,CA-2017-125269,4/24/2020,AF-10870,72.78
8202,CA-2015-114811,11/8/2018,KD-16495,67.15
8203,CA-2015-114811,11/8/2018,KD-16495,549.98
8204,CA-2015-114811,11/8/2018,KD-16495,11.82
8205,CA-2015-114811,11/8/2018,KD-16495,4643.80
8206,CA-2015-114811,11/8/2018,KD-16495,577.76
8207,CA-2015-122266,4/26/2018,SA-20830,191.52
8208,CA-2015-122266,4/26/2018,SA-20830,2.62
8209,CA-2015-141565,9/20/2018,BG-11035,1369.76
8210,CA-2015-141565,9/20/2018,BG-11035,294.37
8212,CA-2016-116337,11/7/2019,MC-17845,44.46
8213,CA-2016-116337,11/7/2019,MC-17845,314.09
8214,CA-2015-120845,9/25/2018,ML-17395,6.34
8215,CA-2015-120845,9/25/2018,ML-17395,10.48
8216,CA-2015-120845,9/25/2018,ML-17395,2.47
8217,CA-2015-120845,9/25/2018,ML-17395,3.26
8218,CA-2014-120775,10/3/2017,RD-19930,4.34
8219,CA-2014-120775,10/3/2017,RD-19930,31.78
8220,CA-2014-120775,10/3/2017,RD-19930,4.93
8221,CA-2014-120775,10/3/2017,RD-19930,1.79
8222,CA-2014-120775,10/3/2017,RD-19930,15.07
8223,CA-2014-152905,2/18/2017,AB-10015,12.62
8224,CA-2016-104633,6/12/2019,EA-14035,185.88
8225,CA-2016-104633,6/12/2019,EA-14035,12.96
8228,CA-2016-123050,4/4/2019,BC-11125,82.64
8229,CA-2016-123050,4/4/2019,BC-11125,31.02
8230,CA-2016-123050,4/4/2019,BC-11125,89.97
8231,CA-2016-162355,6/30/2019,PF-19165,35.97
8232,CA-2016-162355,6/30/2019,PF-19165,1266.86
8233,CA-2014-158225,9/22/2017,SE-20110,169.45
8234,CA-2014-158225,9/22/2017,SE-20110,40.68
8235,CA-2017-102204,5/1/2020,CJ-12010,3.33
8236,CA-2017-102204,5/1/2020,CJ-12010,933.26
8237,CA-2017-102204,5/1/2020,CJ-12010,2803.92
8242,CA-2014-109855,9/1/2017,LH-16900,23.74
8243,CA-2014-109855,9/1/2017,LH-16900,357.00
8244,CA-2014-109897,8/12/2017,BW-11200,806.34
8245,CA-2014-109897,8/12/2017,BW-11200,85.44
8246,US-2014-143581,8/19/2017,BS-11365,344.91
8247,CA-2015-129217,5/10/2018,DP-13390,70.97
8248,CA-2015-129217,5/10/2018,DP-13390,36.78
8249,CA-2016-133816,5/10/2019,CS-12400,743.99
8250,CA-2015-140221,3/5/2018,MS-17365,11.21
8251,CA-2015-140221,3/5/2018,MS-17365,4.71
8252,CA-2015-140221,3/5/2018,MS-17365,180.98
8253,CA-2015-140221,3/5/2018,MS-17365,60.42
8260,CA-2016-118101,6/26/2019,SN-20560,368.91
8261,CA-2016-118101,6/26/2019,SN-20560,8.02
8262,CA-2016-118101,6/26/2019,SN-20560,171.04
8263,CA-2016-100307,12/15/2019,TC-21475,19.44
8264,CA-2015-138457,9/13/2018,AM-10705,13.09
8265,CA-2014-131800,12/30/2017,AJ-10960,122.94
8266,CA-2014-131800,12/30/2017,AJ-10960,35.45
8267,CA-2014-118304,4/29/2017,KH-16360,19.98
8268,CA-2017-121790,1/30/2020,LP-17095,69.38
8269,CA-2017-121790,1/30/2020,LP-17095,31.68
8270,CA-2017-121790,1/30/2020,LP-17095,2003.17
8271,CA-2017-121790,1/30/2020,LP-17095,9.34
8272,CA-2016-169670,12/25/2019,JE-15715,2563.06
8273,CA-2016-139549,10/20/2019,MY-18295,387.14
8274,CA-2015-104059,6/13/2018,FC-14245,3.42
8275,CA-2017-164112,6/30/2020,ND-18460,1085.42
8276,CA-2015-143882,6/26/2018,DB-13360,43.06
8277,US-2016-139262,2/21/2019,LC-16960,3.76
8278,US-2016-139262,2/21/2019,LC-16960,34.86
8279,US-2016-139262,2/21/2019,LC-16960,432.46
8280,CA-2017-146192,4/22/2020,BD-11725,675.06
8281,CA-2017-134810,5/9/2020,MC-17605,65.23
8282,CA-2017-134810,5/9/2020,MC-17605,207.00
8283,CA-2015-154284,12/21/2018,SZ-20035,600.53
8284,CA-2015-154284,12/21/2018,SZ-20035,59.90
8285,CA-2015-154284,12/21/2018,SZ-20035,637.44
8286,CA-2015-154284,12/21/2018,SZ-20035,51.76
8287,CA-2014-156244,8/12/2017,DH-13675,31.10
8288,CA-2014-156244,8/12/2017,DH-13675,47.96
8289,CA-2014-156244,8/12/2017,DH-13675,158.93
8290,CA-2014-156244,8/12/2017,DH-13675,211.25
8291,CA-2014-156244,8/12/2017,DH-13675,5.55
8292,CA-2014-156244,8/12/2017,DH-13675,2.95
8293,CA-2015-106362,12/11/2018,LC-16885,10.33
8295,US-2017-146906,3/13/2020,MT-17815,299.90
8296,CA-2016-166380,5/30/2019,EB-13750,26.55
8297,CA-2016-166380,5/30/2019,EB-13750,111.98
8298,US-2015-158911,7/5/2018,RS-19765,4.93
8299,US-2015-158911,7/5/2018,RS-19765,11.78
8300,US-2014-103338,3/11/2017,RB-19435,7.98
8301,CA-2015-109169,4/20/2018,OT-18730,180.96
8302,US-2017-167318,7/26/2020,GZ-14545,1649.95
8303,US-2017-167318,7/26/2020,GZ-14545,362.35
8304,US-2014-120313,10/31/2017,NL-18310,73.58
8306,CA-2016-128671,8/11/2019,MT-18070,32.40
8307,CA-2016-128671,8/11/2019,MT-18070,41.86
8308,CA-2016-128671,8/11/2019,MT-18070,77.56
8309,CA-2016-149335,7/25/2019,BC-11125,37.17
8310,CA-2014-168312,3/1/2017,GW-14605,137.35
8311,CA-2014-168312,3/1/2017,GW-14605,376.51
8312,US-2017-105935,1/26/2020,BD-11500,62.72
8313,US-2017-105935,1/26/2020,BD-11500,2939.93
8314,CA-2014-161508,7/12/2017,PV-18985,512.36
8315,CA-2014-161508,7/12/2017,PV-18985,3.49
8316,CA-2014-161508,7/12/2017,PV-18985,22.29
8317,CA-2014-161508,7/12/2017,PV-18985,16.03
8318,CA-2017-130904,4/11/2020,HM-14980,1.75
8319,CA-2017-130904,4/11/2020,HM-14980,20.99
8321,CA-2015-142937,12/5/2018,SF-20065,45.04
8322,US-2016-149790,9/26/2019,SC-20380,15.62
8323,CA-2016-130778,11/19/2019,ND-18370,8.74
8324,CA-2016-130778,11/19/2019,ND-18370,44.75
8327,CA-2017-103478,7/21/2020,KL-16555,2.86
8328,CA-2017-103478,7/21/2020,KL-16555,94.19
8332,CA-2016-153269,3/9/2019,PS-18760,11.21
8333,CA-2016-153269,3/9/2019,PS-18760,354.90
8334,CA-2016-153269,3/9/2019,PS-18760,17.94
8335,CA-2016-153269,3/9/2019,PS-18760,51.80
8336,CA-2017-161655,5/13/2020,CW-11905,299.52
8337,CA-2016-101469,7/2/2019,KH-16360,7.70
8338,CA-2014-153087,12/27/2017,TC-20980,23.92
8339,CA-2014-153087,12/27/2017,TC-20980,498.00
8340,CA-2017-135076,4/13/2020,YS-21880,436.70
8341,CA-2014-161634,11/14/2017,CC-12220,32.40
8342,CA-2017-141481,6/11/2020,ZD-21925,61.44
8343,CA-2016-132549,11/25/2019,JK-15370,73.36
8344,US-2014-155544,3/21/2017,GM-14440,59.20
8345,US-2014-155544,3/21/2017,GM-14440,32.95
8346,US-2014-155544,3/21/2017,GM-14440,218.38
8347,US-2015-115238,4/30/2018,JW-15220,31.40
8348,US-2015-115238,4/30/2018,JW-15220,9.48
8349,US-2015-115238,4/30/2018,JW-15220,209.50
8350,US-2015-115238,4/30/2018,JW-15220,24.30
8351,US-2015-115238,4/30/2018,JW-15220,6.48
8352,CA-2017-132199,5/3/2020,BO-11350,32.45
8353,CA-2017-132199,5/3/2020,BO-11350,26.39
8354,CA-2017-132199,5/3/2020,BO-11350,373.47
8355,CA-2017-132199,5/3/2020,BO-11350,64.20
8356,CA-2017-132199,5/3/2020,BO-11350,8.00
8357,CA-2016-163174,8/26/2019,XP-21865,186.54
8358,CA-2014-110555,4/11/2017,MM-18055,87.08
8359,CA-2014-110555,4/11/2017,MM-18055,105.58
8360,CA-2014-110555,4/11/2017,MM-18055,217.44
8361,CA-2017-147207,1/2/2020,TS-21655,31.74
8362,CA-2017-147207,1/2/2020,TS-21655,5.43
8363,CA-2017-147207,1/2/2020,TS-21655,913.43
8364,CA-2017-147207,1/2/2020,TS-21655,372.14
8365,CA-2017-137631,4/28/2020,JL-15235,751.98
8366,CA-2017-157273,1/30/2020,SZ-20035,604.77
8367,CA-2014-109918,9/7/2017,LR-17035,27.36
8368,CA-2014-109918,9/7/2017,LR-17035,20.56
8369,CA-2014-109918,9/7/2017,LR-17035,83.92
8370,CA-2016-118745,6/11/2019,SV-20365,902.71
8371,CA-2016-163972,10/17/2019,MG-17890,120.67
8372,CA-2014-165393,12/27/2017,NC-18415,4.98
8373,CA-2016-113726,11/24/2019,SC-20680,82.26
8374,CA-2016-152940,11/10/2019,RO-19780,29.74
8375,CA-2015-158701,1/5/2018,JL-15175,87.36
8376,CA-2015-158701,1/5/2018,JL-15175,56.16
8377,CA-2017-156272,3/21/2020,PW-19030,64.38
8378,CA-2015-162964,11/12/2018,MF-18250,64.78
8379,CA-2015-162964,11/12/2018,MF-18250,15.55
8380,CA-2015-162964,11/12/2018,MF-18250,223.89
8381,CA-2014-103527,9/9/2017,CC-12220,10.90
8382,CA-2016-134544,3/17/2019,AC-10660,84.78
8383,CA-2016-163048,2/8/2019,MH-17440,241.50
8384,CA-2016-145135,11/26/2019,CD-12790,59.97
8385,CA-2016-145135,11/26/2019,CD-12790,13.36
8387,CA-2015-149601,5/28/2018,TB-21625,16.24
8388,CA-2015-149601,5/28/2018,TB-21625,77.55
8389,CA-2014-139423,11/1/2017,DG-13300,76.12
8390,CA-2016-102596,12/27/2019,RD-19810,17.18
8393,CA-2016-142594,12/1/2019,EJ-14155,137.94
8394,CA-2016-142594,12/1/2019,EJ-14155,111.15
8395,CA-2016-142594,12/1/2019,EJ-14155,901.95
8396,CA-2016-142594,12/1/2019,EJ-14155,366.01
8397,CA-2014-152254,6/30/2017,BD-11620,310.69
8398,US-2014-120236,9/3/2017,MR-17545,7.68
8400,CA-2015-133837,4/13/2018,TH-21100,10.74
8401,CA-2015-110814,12/5/2018,BD-11635,232.40
8402,CA-2015-110814,12/5/2018,BD-11635,164.65
8403,CA-2015-110814,12/5/2018,BD-11635,22.68
8404,CA-2016-154067,2/1/2019,SM-20950,105.52
8405,CA-2017-140480,7/8/2020,HE-14800,83.92
8406,CA-2017-140480,7/8/2020,HE-14800,141.90
8407,CA-2017-140480,7/8/2020,HE-14800,39.98
8408,CA-2017-140480,7/8/2020,HE-14800,28.91
8409,CA-2017-140480,7/8/2020,HE-14800,174.95
8410,CA-2015-134082,12/11/2018,JK-15640,110.53
8411,CA-2016-130820,11/15/2019,ON-18715,630.02
8412,CA-2016-159765,5/9/2019,TH-21100,27.86
8413,CA-2017-132290,3/10/2020,MD-17350,933.41
8414,CA-2016-147109,12/17/2019,AH-10075,51.84
8415,CA-2016-147109,12/17/2019,AH-10075,165.60
8416,CA-2017-107265,4/6/2020,ML-17755,106.32
8417,CA-2017-118199,5/9/2020,LB-16795,147.92
8418,CA-2017-118199,5/9/2020,LB-16795,104.28
8419,CA-2017-118199,5/9/2020,LB-16795,286.85
8420,CA-2017-118199,5/9/2020,LB-16795,66.96
8421,CA-2017-118199,5/9/2020,LB-16795,199.98
8426,CA-2016-137652,8/28/2019,EB-13750,18.43
8427,CA-2015-128356,10/2/2018,RP-19390,10.94
8430,CA-2016-118129,12/19/2019,CL-12565,303.92
8431,US-2014-113124,3/30/2017,NC-18340,129.30
8433,US-2014-127635,9/14/2017,SC-20260,6.05
8434,US-2014-127635,9/14/2017,SC-20260,6.85
8435,US-2014-127635,9/14/2017,SC-20260,9.96
8436,US-2014-127635,9/14/2017,SC-20260,8.55
8437,CA-2015-151470,9/20/2018,AM-10705,45.58
8438,CA-2015-112823,12/10/2018,RA-19945,25.49
8439,CA-2014-108861,5/28/2017,MM-17260,136.96
8440,CA-2017-114370,3/14/2020,BN-11470,49.62
8441,CA-2016-158302,12/8/2019,JB-16045,10.58
8442,CA-2017-145779,5/6/2020,DB-13615,84.42
8443,US-2016-155173,3/6/2019,JB-16045,431.94
8444,US-2016-155173,3/6/2019,JB-16045,2.04
8445,US-2016-155173,3/6/2019,JB-16045,68.24
8452,CA-2014-131387,4/28/2017,AI-10855,1679.96
8453,CA-2016-125087,4/18/2019,TH-21115,344.37
8454,CA-2016-125087,4/18/2019,TH-21115,1554.94
8455,CA-2016-125087,4/18/2019,TH-21115,127.88
8456,CA-2016-154081,5/22/2019,JE-15610,222.38
8457,US-2017-118556,5/28/2020,TH-21235,106.87
8458,US-2017-118556,5/28/2020,TH-21235,3.56
8459,CA-2014-126200,8/25/2017,JE-15715,25.68
8460,CA-2014-126200,8/25/2017,JE-15715,12.38
8461,CA-2014-146500,8/30/2017,AT-10735,25.30
8462,CA-2014-146500,8/30/2017,AT-10735,95.94
8463,CA-2015-169537,9/3/2018,JH-15820,7.50
8464,CA-2014-100881,3/28/2017,DR-12940,302.38
8465,CA-2015-144043,5/10/2018,AB-10165,46.69
8466,CA-2015-116512,4/9/2018,MC-18100,17.94
8467,CA-2015-101000,4/9/2018,IG-15085,370.14
8468,CA-2016-168557,9/19/2019,FH-14275,8.93
8469,US-2016-164196,11/11/2019,AS-10285,2678.94
8470,US-2017-132031,4/23/2020,PN-18775,387.14
8471,US-2017-132031,4/23/2020,PN-18775,45.41
8472,US-2017-132031,4/23/2020,PN-18775,77.95
8473,US-2017-132031,4/23/2020,PN-18775,3.00
8474,CA-2015-169733,10/22/2018,GM-14500,9.95
8475,CA-2017-169404,4/9/2020,NC-18625,37.90
8476,CA-2017-169404,4/9/2020,NC-18625,65.58
8478,CA-2015-145758,10/30/2018,BF-11020,1035.80
8480,US-2016-119270,3/12/2019,SW-20245,19.98
8481,CA-2014-109890,7/21/2017,PG-18820,35.98
8482,CA-2016-138583,5/24/2019,DP-13390,16.66
8483,US-2017-118535,2/11/2020,DJ-13510,20.70
8484,CA-2016-126284,9/20/2019,EN-13780,83.70
8486,CA-2017-124716,3/27/2020,BD-11560,45.68
8487,CA-2017-124716,3/27/2020,BD-11560,110.96
8488,CA-2017-124716,3/27/2020,BD-11560,11.94
8489,CA-2016-158841,2/2/2019,SE-20110,8749.95
8490,CA-2016-158841,2/2/2019,SE-20110,36.40
8491,CA-2016-158841,2/2/2019,SE-20110,18.69
8492,CA-2017-106824,7/7/2020,AT-10735,5.94
8493,CA-2015-109190,10/23/2018,CC-12685,60.74
8494,CA-2015-109190,10/23/2018,CC-12685,479.98
8495,CA-2015-109190,10/23/2018,CC-12685,6.08
8496,CA-2016-143154,12/2/2019,AS-10225,165.60
8497,CA-2014-169061,3/5/2017,AB-10150,59.52
8498,CA-2014-169061,3/5/2017,AB-10150,479.97
8499,CA-2014-169061,3/5/2017,AB-10150,18.62
8500,CA-2014-169061,3/5/2017,AB-10150,49.63
8501,CA-2014-169061,3/5/2017,AB-10150,97.82
8502,CA-2015-102316,3/1/2018,DH-13075,15.98
8503,CA-2015-102316,3/1/2018,DH-13075,184.75
8504,CA-2014-164903,2/20/2017,SR-20740,12.96
8505,CA-2016-109400,5/2/2019,NR-18550,366.74
8506,CA-2016-130400,3/8/2019,SJ-20125,8.86
8507,CA-2016-130400,3/8/2019,SJ-20125,27.96
8508,CA-2016-130400,3/8/2019,SJ-20125,146.35
8509,CA-2015-135853,12/11/2018,CA-12775,175.23
8510,CA-2015-135853,12/11/2018,CA-12775,125.99
8511,CA-2015-135853,12/11/2018,CA-12775,23.00
8512,CA-2016-103359,12/22/2019,LC-16885,25.58
8513,CA-2016-144645,2/2/2019,NS-18640,73.78
8514,CA-2017-141614,6/5/2020,NS-18640,20.74
8515,CA-2015-122168,8/21/2018,HG-14965,17.52
8516,CA-2015-122168,8/21/2018,HG-14965,35.76
8517,CA-2016-132899,4/7/2019,SF-20200,3.64
8518,CA-2017-149720,6/4/2020,EM-14065,30.34
8522,CA-2016-141887,1/11/2019,MP-17470,54.99
8523,US-2016-160206,4/1/2019,MY-18295,12.99
8525,CA-2017-161172,3/16/2020,SP-20920,44.38
8526,CA-2017-161172,3/16/2020,SP-20920,51.26
8527,CA-2017-161172,3/16/2020,SP-20920,5.19
8528,CA-2017-161172,3/16/2020,SP-20920,159.98
8529,CA-2017-161172,3/16/2020,SP-20920,54.22
8531,CA-2016-156748,11/30/2019,BS-11755,33.36
8532,CA-2016-156748,11/30/2019,BS-11755,13.76
8533,CA-2016-156748,11/30/2019,BS-11755,496.86
8534,CA-2016-156748,11/30/2019,BS-11755,389.97
8535,CA-2015-169677,1/13/2018,KS-16300,9.82
8536,US-2014-163146,5/16/2017,CC-12475,56.40
8537,CA-2015-157343,6/7/2018,HD-14785,18.31
8538,CA-2015-157343,6/7/2018,HD-14785,25.92
8539,CA-2015-157343,6/7/2018,HD-14785,8.02
8540,CA-2017-147354,3/9/2020,KB-16315,479.98
8541,CA-2017-147354,3/9/2020,KB-16315,30.84
8542,CA-2015-157287,12/22/2018,HR-14830,33.57
8543,CA-2015-157287,12/22/2018,HR-14830,422.62
8544,CA-2014-137575,8/6/2017,TB-21625,199.98
8545,CA-2016-119074,3/27/2019,DS-13180,20.24
8546,CA-2016-119074,3/27/2019,DS-13180,39.92
8547,CA-2016-119074,3/27/2019,DS-13180,32.54
8548,CA-2015-149566,12/5/2018,GB-14530,39.00
8549,CA-2015-149566,12/5/2018,GB-14530,12.60
8550,CA-2015-126186,9/11/2018,GB-14530,24.64
8551,CA-2015-121132,7/17/2018,VB-21745,6.26
8552,CA-2015-121132,7/17/2018,VB-21745,14.43
8553,CA-2014-140473,5/30/2017,MC-17425,719.98
8555,CA-2016-102092,12/9/2019,PM-18940,1056.86
8556,CA-2015-117884,3/22/2018,DC-13285,447.94
8557,CA-2015-117884,3/22/2018,DC-13285,150.41
8558,CA-2016-132829,12/23/2019,LA-16780,453.58
8559,CA-2016-132829,12/23/2019,LA-16780,45.36
8560,CA-2016-132829,12/23/2019,LA-16780,287.88
8561,CA-2016-132829,12/23/2019,LA-16780,131.88
8562,CA-2016-132829,12/23/2019,LA-16780,2.33
8563,CA-2016-123540,4/2/2019,DJ-13420,1454.90
8564,US-2017-108315,4/30/2020,MH-18115,4.84
8565,US-2017-108315,4/30/2020,MH-18115,220.70
8566,CA-2016-134110,11/17/2019,BG-11035,67.18
8567,CA-2016-134110,11/17/2019,BG-11035,15.23
8568,US-2016-136581,11/10/2019,SV-20365,31.10
8569,CA-2016-162390,12/6/2019,DP-13105,968.74
8570,CA-2016-162390,12/6/2019,DP-13105,222.35
8571,CA-2016-162390,12/6/2019,DP-13105,479.98
8572,CA-2016-162222,4/3/2019,SR-20740,10.27
8573,CA-2014-121629,11/28/2017,BT-11680,998.85
8574,CA-2015-164623,10/20/2018,MS-17770,24.56
8575,CA-2014-159849,9/19/2017,JK-15640,5.67
8577,CA-2017-106747,7/3/2020,TS-21505,102.30
8580,CA-2016-111605,12/27/2019,JW-15955,2.61
8581,CA-2014-130673,5/20/2017,MC-17590,10.33
8582,CA-2014-130673,5/20/2017,MC-17590,10.37
8583,CA-2014-130673,5/20/2017,MC-17590,20.78
8584,CA-2014-130673,5/20/2017,MC-17590,66.96
8585,CA-2014-104808,2/4/2017,MH-17440,17.25
8587,CA-2017-162015,7/11/2020,KB-16240,1287.45
8588,CA-2017-162015,7/11/2020,KB-16240,168.10
8589,CA-2015-138492,5/15/2018,FC-14335,51.97
8590,CA-2017-145338,1/29/2020,BD-11770,4.77
8592,CA-2017-101700,4/23/2020,SO-20335,18.69
8593,CA-2017-101700,4/23/2020,SO-20335,11.66
8596,CA-2014-111934,5/5/2017,GD-14590,11.88
8597,CA-2014-111934,5/5/2017,GD-14590,35.44
8598,US-2016-117387,10/27/2019,PA-19060,67.14
8599,CA-2014-141110,11/26/2017,LS-17200,4.32
8600,CA-2014-141110,11/26/2017,LS-17200,14.94
8601,CA-2014-141110,11/26/2017,LS-17200,40.54
8602,CA-2014-141110,11/26/2017,LS-17200,7.31
8603,US-2014-133949,12/31/2017,JL-15175,475.94
8604,US-2016-116365,1/3/2019,CA-12310,30.08
8605,US-2016-116365,1/3/2019,CA-12310,165.60
8606,US-2016-116365,1/3/2019,CA-12310,180.96
8608,CA-2014-151946,6/4/2017,BT-11440,56.96
8609,CA-2014-151946,6/4/2017,BT-11440,15.56
8610,CA-2014-151946,6/4/2017,BT-11440,353.57
8611,CA-2014-151946,6/4/2017,BT-11440,13.96
8613,CA-2016-146437,1/28/2019,HG-14965,39.68
8614,CA-2016-138233,11/9/2019,PF-19165,479.97
8615,CA-2016-165918,9/10/2019,BD-11770,7.38
8616,CA-2016-165918,9/10/2019,BD-11770,14.26
8617,CA-2016-165918,9/10/2019,BD-11770,81.98
8618,CA-2016-165918,9/10/2019,BD-11770,39.62
8619,CA-2017-117513,3/3/2020,BT-11395,399.67
8622,CA-2017-104318,5/13/2020,FH-14275,20.77
8623,US-2016-114230,11/27/2019,CM-12235,39.81
8624,CA-2015-136147,11/13/2018,FM-14380,121.10
8625,CA-2015-136147,11/13/2018,FM-14380,111.96
8626,CA-2015-156118,12/8/2018,HG-14965,15.70
8627,CA-2015-164084,9/7/2018,AG-10525,70.26
8628,CA-2015-164084,9/7/2018,AG-10525,90.00
8629,CA-2015-164084,9/7/2018,AG-10525,6.10
8630,CA-2015-164084,9/7/2018,AG-10525,481.18
8631,CA-2015-164084,9/7/2018,AG-10525,7.24
8632,CA-2016-107783,7/28/2019,OT-18730,177.45
8633,CA-2016-107783,7/28/2019,OT-18730,1369.76
8634,CA-2016-107783,7/28/2019,OT-18730,9.48
8636,CA-2014-160094,4/30/2017,JM-16195,174.95
8637,CA-2014-160094,4/30/2017,JM-16195,826.00
8638,CA-2017-151281,4/27/2020,HM-14980,139.58
8639,CA-2017-118346,7/23/2020,PO-19180,399.95
8640,CA-2014-129819,12/13/2017,KC-16675,12.39
8641,US-2017-148551,1/12/2020,DB-13120,760.98
8643,CA-2015-108259,11/8/2018,NS-18640,31.50
8644,CA-2015-108259,11/8/2018,NS-18640,5.04
8645,CA-2015-108259,11/8/2018,NS-18640,39.88
8646,CA-2015-108259,11/8/2018,NS-18640,4.71
8647,CA-2016-113341,11/25/2019,MH-17455,194.35
8648,US-2015-131842,12/5/2018,RR-19525,97.42
8649,CA-2016-164574,7/29/2019,RH-19555,704.76
8650,CA-2016-164574,7/29/2019,RH-19555,27.40
8651,CA-2014-142769,9/13/2017,RP-19390,5.70
8652,CA-2014-142769,9/13/2017,RP-19390,14.19
8653,CA-2014-142769,9/13/2017,RP-19390,7.30
8654,CA-2014-142769,9/13/2017,RP-19390,199.98
8655,CA-2014-142769,9/13/2017,RP-19390,144.96
8656,CA-2014-142769,9/13/2017,RP-19390,118.00
8657,CA-2014-142769,9/13/2017,RP-19390,48.94
8658,CA-2014-142769,9/13/2017,RP-19390,22.66
8659,CA-2016-168361,6/21/2019,KB-16600,0.84
8660,CA-2016-153185,9/3/2019,MH-17620,30.96
8662,CA-2015-131856,5/12/2018,JG-15160,21.97
8663,CA-2015-131856,5/12/2018,JG-15160,619.15
8664,CA-2015-131856,5/12/2018,JG-15160,127.90
8665,CA-2017-126634,3/30/2020,AB-10165,94.20
8666,CA-2016-118500,11/17/2019,HJ-14875,49.50
8667,CA-2016-163951,12/30/2019,CJ-11875,16.52
8668,CA-2016-149916,12/22/2019,ED-13885,55.36
8669,CA-2016-149916,12/22/2019,ED-13885,11.56
8670,CA-2015-158918,12/20/2018,AI-10855,17.12
8671,US-2014-159611,12/27/2017,KB-16315,182.35
8672,US-2014-159611,12/27/2017,KB-16315,118.16
8673,CA-2017-163265,2/16/2020,JS-16030,18.37
8674,CA-2017-163265,2/16/2020,JS-16030,600.56
8675,CA-2017-163265,2/16/2020,JS-16030,50.35
8676,CA-2017-163265,2/16/2020,JS-16030,28.03
8677,CA-2017-163265,2/16/2020,JS-16030,7.69
8679,CA-2016-112739,9/2/2019,RD-19810,8.61
8680,CA-2016-112739,9/2/2019,RD-19810,159.56
8681,CA-2016-143805,12/1/2019,JD-15895,2104.55
8682,CA-2016-143805,12/1/2019,JD-15895,40.70
8683,CA-2014-133634,11/5/2017,SR-20740,47.79
8685,CA-2016-155446,12/16/2019,TN-21040,21.21
8687,CA-2016-144015,6/26/2019,AH-10075,231.72
8688,CA-2016-144015,6/26/2019,AH-10075,17.90
8689,CA-2016-144015,6/26/2019,AH-10075,12.48
8690,CA-2014-101427,12/26/2017,AY-10555,8.02
8691,CA-2016-136770,8/14/2019,SP-20650,259.90
8692,CA-2016-136770,8/14/2019,SP-20650,247.19
8693,CA-2016-136770,8/14/2019,SP-20650,279.96
8694,CA-2016-118311,10/24/2019,ED-13885,450.00
8695,US-2014-112795,8/23/2017,CR-12625,19.44
8697,CA-2017-119284,6/15/2020,TS-21205,239.98
8698,CA-2017-119284,6/15/2020,TS-21205,31.17
8699,CA-2017-119284,6/15/2020,TS-21205,120.96
8700,CA-2017-119284,6/15/2020,TS-21205,2239.94
8701,CA-2017-119284,6/15/2020,TS-21205,76.61
8702,CA-2017-119284,6/15/2020,TS-21205,142.78
8703,CA-2017-119284,6/15/2020,TS-21205,91.36
8704,CA-2015-133494,3/1/2018,RP-19390,3.55
8705,CA-2016-111318,7/23/2019,IL-15100,115.14
8706,US-2014-132745,10/1/2017,NF-18475,4.71
8707,CA-2014-146815,9/8/2017,PP-18955,172.76
8708,CA-2014-146815,9/8/2017,PP-18955,3.52
8709,CA-2014-119144,11/16/2017,JD-16150,79.97
8710,CA-2014-119144,11/16/2017,JD-16150,305.97
8711,CA-2014-119144,11/16/2017,JD-16150,344.91
8712,CA-2014-105648,3/3/2017,EJ-14155,626.35
8713,US-2015-145422,12/3/2018,PW-19240,359.50
8714,CA-2017-136623,7/11/2020,TS-21430,71.95
8715,CA-2017-136623,7/11/2020,TS-21430,29.80
8717,CA-2016-120824,6/12/2019,AW-10930,64.38
8718,CA-2016-120824,6/12/2019,AW-10930,6.98
8719,CA-2016-120824,6/12/2019,AW-10930,11.26
8720,CA-2016-120824,6/12/2019,AW-10930,15.55
8721,CA-2016-120824,6/12/2019,AW-10930,379.37
8722,CA-2016-120824,6/12/2019,AW-10930,67.54
8723,CA-2016-120824,6/12/2019,AW-10930,1.52
8724,US-2016-135209,12/29/2019,MH-17290,37.41
8725,US-2016-135209,12/29/2019,MH-17290,25.34
8726,CA-2017-148145,3/18/2020,SW-20275,46.20
8727,CA-2015-103870,12/27/2018,SP-20860,4.73
8728,CA-2015-103870,12/27/2018,SP-20860,53.35
8729,CA-2015-103870,12/27/2018,SP-20860,131.10
8730,CA-2015-103870,12/27/2018,SP-20860,22.51
8731,CA-2015-103870,12/27/2018,SP-20860,72.74
8732,CA-2015-111017,7/31/2018,SC-20695,52.59
8733,CA-2017-116988,6/27/2020,PW-19030,19.44
8734,CA-2017-116988,6/27/2020,PW-19030,126.30
8735,CA-2017-116988,6/27/2020,PW-19030,1287.45
8736,US-2014-169390,2/7/2017,CS-12250,64.96
8737,CA-2016-168774,9/4/2019,RP-19855,535.41
8738,CA-2017-161592,4/6/2020,CS-12175,8.10
8741,CA-2016-102498,7/24/2019,JG-15160,73.20
8742,CA-2015-113222,11/9/2018,AG-10765,10.74
8743,US-2015-144771,10/2/2018,CK-12205,11.03
8744,US-2015-144771,10/2/2018,CK-12205,53.04
8745,CA-2015-162376,11/22/2018,HD-14785,17.12
8746,CA-2015-162376,11/22/2018,HD-14785,59.94
8747,CA-2017-128076,2/2/2020,BO-11350,210.58
8748,CA-2017-128076,2/2/2020,BO-11350,30.96
8749,CA-2017-128076,2/2/2020,BO-11350,239.98
8750,US-2015-163825,6/16/2018,LC-16885,3050.38
8751,US-2015-163825,6/16/2018,LC-16885,133.98
8752,CA-2016-105662,5/5/2019,RB-19465,93.25
8753,CA-2016-105662,5/5/2019,RB-19465,177.48
8757,CA-2016-114307,7/22/2019,MF-17665,37.68
8758,CA-2016-114307,7/22/2019,MF-17665,51.84
8759,CA-2016-114307,7/22/2019,MF-17665,27.42
8760,CA-2016-114307,7/22/2019,MF-17665,5.40
8761,CA-2016-159891,1/31/2019,BF-11170,1270.99
8762,CA-2016-159891,1/31/2019,BF-11170,125.36
8763,CA-2016-112578,12/29/2019,FO-14305,14.03
8764,CA-2016-112578,12/29/2019,FO-14305,27.96
8765,CA-2015-107083,11/21/2018,BB-11545,5.34
8766,CA-2015-107083,11/21/2018,BB-11545,1.70
8767,CA-2015-107083,11/21/2018,BB-11545,24.59
8768,CA-2015-107083,11/21/2018,BB-11545,7.98
8769,CA-2015-151722,10/5/2018,IL-15100,288.00
8770,CA-2016-151148,9/12/2019,PO-19180,146.95
8771,CA-2016-151148,9/12/2019,PO-19180,83.14
8774,CA-2015-132276,2/23/2018,LC-16960,26.88
8775,CA-2015-132276,2/23/2018,LC-16960,10.90
8776,CA-2016-163636,12/5/2019,MP-18175,3.54
8777,CA-2016-102813,7/2/2019,EA-14035,528.43
8778,CA-2016-102813,7/2/2019,EA-14035,41.47
8780,CA-2015-165813,3/20/2018,BM-11785,29.30
8781,CA-2015-133585,3/1/2018,CM-12715,55.33
8782,CA-2015-133585,3/1/2018,CM-12715,1228.00
8783,CA-2016-116911,9/15/2019,JD-16150,20.42
8784,CA-2016-116911,9/15/2019,JD-16150,1128.39
8785,US-2017-129224,3/17/2020,AS-10630,4.61
8786,CA-2017-145765,5/28/2020,CM-11815,195.96
8787,CA-2017-145765,5/28/2020,CM-11815,15.55
8788,CA-2017-145765,5/28/2020,CM-11815,271.97
8789,CA-2017-126914,6/15/2020,JE-15715,698.35
8790,CA-2017-126914,6/15/2020,JE-15715,77.73
8791,CA-2015-169572,9/6/2018,AG-10525,46.62
8792,CA-2017-162075,3/18/2020,TT-21220,537.54
8793,CA-2014-162992,12/19/2017,BP-11095,14.62
8794,CA-2014-162992,12/19/2017,BP-11095,22.55
8795,CA-2014-162992,12/19/2017,BP-11095,583.80
8796,CA-2014-162992,12/19/2017,BP-11095,211.17
8797,CA-2016-106397,7/7/2019,MJ-17740,12.96
8798,CA-2016-106397,7/7/2019,MJ-17740,45.98
8799,US-2016-150140,4/6/2019,VM-21685,1294.75
8800,CA-2014-116666,5/8/2017,KT-16480,1799.97
8802,CA-2016-140935,11/10/2019,AB-10015,221.98
8803,CA-2016-140935,11/10/2019,AB-10015,341.96
8804,CA-2014-157644,12/31/2017,AH-10030,34.77
8805,CA-2014-157644,12/31/2017,AH-10030,18.90
8807,CA-2016-113082,9/12/2019,MC-17590,40.48
8811,CA-2017-120614,5/30/2020,SM-20950,37.52
8812,US-2016-140172,3/8/2019,SP-20650,207.14
8813,US-2016-140172,3/8/2019,SP-20650,13.90
8814,CA-2015-127754,7/26/2018,CK-12760,266.35
8815,CA-2015-144274,11/23/2018,PW-19240,307.98
8816,CA-2015-144274,11/23/2018,PW-19240,44.10
8817,CA-2015-144274,11/23/2018,PW-19240,13.12
8818,CA-2015-144274,11/23/2018,PW-19240,16.56
8819,CA-2015-144274,11/23/2018,PW-19240,38.88
8820,CA-2015-142930,11/28/2018,EB-14170,335.52
8825,CA-2017-117156,3/21/2020,TB-21055,8.86
8826,CA-2015-115399,12/19/2018,AG-10900,6.91
8827,US-2014-157847,4/2/2017,SC-20020,26.72
8828,US-2014-157847,4/2/2017,SC-20020,33.49
8829,CA-2015-115168,6/5/2018,BB-11545,10.56
8830,CA-2014-109680,10/6/2017,VP-21760,386.34
8831,CA-2016-167983,8/21/2019,RP-19270,33.44
8832,CA-2015-145324,11/15/2018,DH-13675,39.96
8833,CA-2015-153423,6/22/2018,SW-20455,1217.57
8839,CA-2014-153808,4/6/2017,FH-14275,70.95
8840,CA-2014-153808,4/6/2017,FH-14275,65.57
8841,CA-2014-153808,4/6/2017,FH-14275,299.97
8842,US-2016-112396,2/9/2019,JR-16210,89.97
8843,US-2016-112396,2/9/2019,JR-16210,31.86
8844,CA-2014-141173,11/18/2017,JC-16105,67.15
8849,CA-2015-140718,7/2/2018,FA-14230,74.24
8850,CA-2015-140718,7/2/2018,FA-14230,159.84
8851,CA-2015-140718,7/2/2018,FA-14230,2.89
8852,CA-2015-140718,7/2/2018,FA-14230,9.39
8853,CA-2014-119977,10/8/2017,DN-13690,123.92
8854,US-2015-115343,9/22/2018,FO-14305,55.60
8855,US-2015-115343,9/22/2018,FO-14305,617.98
8861,CA-2015-125934,9/11/2018,SN-20560,31.05
8862,CA-2015-125934,9/11/2018,SN-20560,8.92
8863,CA-2015-125934,9/11/2018,SN-20560,209.60
8864,CA-2015-125934,9/11/2018,SN-20560,111.04
8865,CA-2015-125934,9/11/2018,SN-20560,38.88
8866,CA-2015-158148,12/20/2018,JM-15865,36.27
8867,CA-2014-120411,9/20/2017,SB-20185,493.43
8868,CA-2014-120411,9/20/2017,SB-20185,11.12
8869,CA-2016-158260,11/4/2019,CC-12475,686.40
8873,US-2014-105137,10/10/2017,RB-19435,101.99
8874,US-2014-105137,10/10/2017,RB-19435,18.26
8876,US-2016-141264,8/13/2019,CT-11995,185.38
8877,US-2016-141264,8/13/2019,CT-11995,58.92
8880,US-2015-107944,3/23/2018,AM-10360,192.72
8881,US-2015-107944,3/23/2018,AM-10360,239.97
8882,CA-2016-135594,6/30/2019,AH-10120,50.12
8885,CA-2014-107398,8/25/2017,BS-11590,6.53
8886,CA-2014-107398,8/25/2017,BS-11590,2.86
8887,CA-2014-107398,8/25/2017,BS-11590,20.86
8888,CA-2014-169642,7/27/2017,BB-10990,276.28
8890,CA-2016-147256,10/17/2019,FC-14245,449.97
8891,CA-2016-147256,10/17/2019,FC-14245,1927.59
8892,CA-2016-162159,9/16/2019,CR-12625,121.78
8893,CA-2015-111038,12/1/2018,LC-16960,2676.67
8894,CA-2014-124723,8/5/2017,GZ-14470,489.23
8895,CA-2016-167241,8/15/2019,BD-11320,312.03
8896,CA-2016-167241,8/15/2019,BD-11320,17.94
8897,CA-2016-167241,8/15/2019,BD-11320,165.60
8898,CA-2016-167241,8/15/2019,BD-11320,37.52
8899,CA-2015-163237,8/7/2018,EM-14095,494.97
8900,CA-2015-163237,8/7/2018,EM-14095,25.06
8901,CA-2016-150483,5/31/2019,BP-11290,32.06
8902,CA-2016-150483,5/31/2019,BP-11290,18.50
8903,CA-2016-150483,5/31/2019,BP-11290,191.08
8904,CA-2016-150483,5/31/2019,BP-11290,10.37
8905,US-2016-126431,7/1/2019,SU-20665,30.53
8906,US-2016-126431,7/1/2019,SU-20665,30.84
8907,US-2016-126431,7/1/2019,SU-20665,75.06
8908,CA-2016-139934,12/18/2019,AY-10555,66.98
8909,CA-2015-109603,1/26/2018,EM-13825,182.72
8915,US-2016-144057,5/9/2019,CV-12805,856.66
8916,US-2016-144057,5/9/2019,CV-12805,13.18
8917,US-2016-144057,5/9/2019,CV-12805,48.78
8918,US-2016-144057,5/9/2019,CV-12805,76.64
8919,US-2016-144057,5/9/2019,CV-12805,18.53
8920,CA-2014-160276,4/2/2017,AH-10690,177.68
8921,CA-2014-132983,4/28/2017,DS-13180,159.98
8922,CA-2016-145709,10/4/2019,AH-10690,52.68
8923,CA-2016-145709,10/4/2019,AH-10690,11.57
8924,CA-2017-133928,6/11/2020,ZC-21910,4.57
8925,CA-2016-168032,1/30/2019,DF-13135,1439.97
8926,CA-2016-168032,1/30/2019,DF-13135,1.73
8927,CA-2016-168032,1/30/2019,DF-13135,626.10
8928,CA-2015-143616,9/27/2018,SS-20140,99.20
8929,US-2015-168704,4/13/2018,FP-14320,609.98
8930,US-2015-168704,4/13/2018,FP-14320,211.37
8931,US-2015-168704,4/13/2018,FP-14320,239.98
8934,CA-2016-102134,3/14/2019,SP-20545,16.74
8937,CA-2015-134117,12/17/2018,PG-18895,204.85
8938,CA-2015-134117,12/17/2018,PG-18895,135.98
8939,CA-2015-134117,12/17/2018,PG-18895,16.40
8940,CA-2015-134117,12/17/2018,PG-18895,92.96
8941,CA-2014-130918,8/22/2017,JP-15520,7.63
8942,CA-2016-159023,11/3/2019,NW-18400,4.16
8943,CA-2016-159023,11/3/2019,NW-18400,179.99
8945,CA-2014-154592,12/7/2017,EH-14005,164.88
8946,CA-2014-128622,11/15/2017,SC-20260,10.95
8949,CA-2014-132913,12/24/2017,AS-10090,13.97
8955,CA-2014-156790,8/8/2017,VG-21790,155.46
8956,CA-2014-126480,9/20/2017,HG-14965,8.56
8963,CA-2016-157280,11/5/2019,LW-17125,273.96
8964,CA-2016-157280,11/5/2019,LW-17125,89.97
8965,CA-2016-157280,11/5/2019,LW-17125,756.80
8967,CA-2016-134180,11/3/2019,JP-16135,72.00
8968,CA-2016-134180,11/3/2019,JP-16135,470.16
8969,CA-2014-166730,12/30/2017,DD-13570,39.13
8972,CA-2017-122308,3/24/2020,MV-17485,271.76
8973,US-2014-149034,11/19/2017,RD-19900,47.50
8974,CA-2017-159226,4/25/2020,RL-19615,344.98
8979,CA-2014-119529,11/3/2017,DM-13345,5.76
8980,CA-2015-150413,10/19/2018,CS-11860,1.72
8981,CA-2014-108182,2/6/2017,DL-13315,8.95
8982,CA-2016-110898,3/6/2019,LC-16870,2.33
8983,CA-2016-110898,3/6/2019,LC-16870,1.73
8984,CA-2016-110898,3/6/2019,LC-16870,159.04
8985,CA-2016-110898,3/6/2019,LC-16870,145.98
8986,CA-2015-123092,12/3/2018,JG-15115,77.95
8987,CA-2015-123092,12/3/2018,JG-15115,95.97
8988,CA-2015-123092,12/3/2018,JG-15115,105.58
8989,CA-2015-123092,12/3/2018,JG-15115,9.34
8990,US-2015-128587,12/24/2018,HM-14860,9.68
8991,US-2015-128587,12/24/2018,HM-14860,4899.93
8995,CA-2014-109043,8/15/2017,CS-12355,91.36
8996,CA-2014-109043,8/15/2017,CS-12355,152.24
8998,CA-2017-122763,3/20/2020,HG-14845,56.70
8999,CA-2017-122763,3/20/2020,HG-14845,274.06
9000,CA-2017-137785,5/13/2020,MH-18115,458.43
9001,CA-2014-133389,6/22/2017,TB-21280,8.23
9002,CA-2014-103807,12/2/2017,EM-13825,5.95
9003,CA-2014-103807,12/2/2017,EM-13825,15.24
9004,CA-2015-102855,4/5/2018,JF-15415,239.94
9005,CA-2015-102855,4/5/2018,JF-15415,23.84
9010,CA-2017-106047,7/12/2020,CS-11860,3.82
9011,CA-2017-127803,5/19/2020,ND-18460,26.16
9012,CA-2015-137071,12/20/2018,ED-13885,100.80
9013,CA-2016-121447,2/21/2019,EA-14035,135.80
9014,CA-2017-143084,3/18/2020,BP-11050,13.90
9015,CA-2017-143084,3/18/2020,BP-11050,19.40
9016,CA-2016-131639,12/17/2019,NS-18640,13.49
9017,CA-2016-131639,12/17/2019,NS-18640,11.42
9018,CA-2016-161361,3/26/2019,MV-17485,17.64
9019,CA-2016-161361,3/26/2019,MV-17485,17.04
9020,CA-2014-100706,12/16/2017,LE-16810,99.98
9021,CA-2014-100706,12/16/2017,LE-16810,29.46
9022,CA-2015-129525,11/15/2018,VP-21760,166.92
9023,US-2016-141880,8/22/2019,TC-21475,98.33
9024,CA-2015-165799,6/29/2018,SG-20470,117.88
9025,CA-2016-102127,6/26/2019,VP-21760,20.97
9026,CA-2016-102127,6/26/2019,VP-21760,139.96
9027,CA-2016-102127,6/26/2019,VP-21760,37.74
9028,US-2016-152415,9/17/2019,PO-18865,14.82
9029,US-2016-152415,9/17/2019,PO-18865,191.82
9030,CA-2014-138198,7/18/2017,JL-15130,13.90
9033,CA-2017-105823,6/22/2020,RB-19465,487.96
9034,CA-2014-152268,9/2/2017,SC-20095,1793.98
9035,CA-2015-148873,10/1/2018,EM-13960,2.99
9036,CA-2015-148873,10/1/2018,EM-13960,108.77
9037,CA-2015-166492,4/7/2018,RP-19390,25.92
9038,CA-2015-166492,4/7/2018,RP-19390,22.58
9040,CA-2016-117121,12/17/2019,AB-10105,9892.74
9041,CA-2014-138177,9/19/2017,ND-18460,73.92
9042,CA-2014-114335,9/28/2017,XP-21865,337.09
9043,CA-2015-168760,9/22/2018,MM-18280,61.44
9044,CA-2016-168830,11/7/2019,ML-17395,479.97
9050,CA-2014-124513,9/21/2017,SL-20155,66.03
9051,CA-2015-165554,5/18/2018,AJ-10780,10.86
9052,CA-2014-141838,3/26/2017,DK-12835,3.36
9053,CA-2014-141838,3/26/2017,DK-12835,27.94
9054,CA-2014-141838,3/26/2017,DK-12835,28.78
9056,CA-2015-128993,9/12/2018,CC-12670,21.98
9057,CA-2015-160227,11/2/2018,ED-13885,2621.32
9058,CA-2015-149097,10/20/2018,SV-20785,74.76
9059,CA-2015-149097,10/20/2018,SV-20785,364.78
9060,CA-2016-132304,6/14/2019,AR-10825,1115.17
9061,CA-2015-136420,11/20/2018,CS-12250,89.70
9062,CA-2015-136420,11/20/2018,CS-12250,50.12
9063,CA-2016-101623,2/28/2019,RR-19525,36.48
9064,US-2014-151015,10/14/2017,BD-11500,322.19
9065,US-2014-151015,10/14/2017,BD-11500,2.95
9066,US-2014-151015,10/14/2017,BD-11500,19.14
9067,CA-2017-152968,5/26/2020,BM-11785,23.08
9068,CA-2016-150077,2/4/2019,MS-17365,90.48
9069,CA-2016-106278,9/2/2019,BM-11140,215.98
9070,CA-2016-106278,9/2/2019,BM-11140,65.94
9072,CA-2015-136105,6/12/2018,SZ-20035,24.56
9073,CA-2016-142524,9/4/2019,MB-18085,16.56
9074,CA-2016-142524,9/4/2019,MB-18085,279.95
9075,CA-2014-136336,4/21/2017,DB-13555,828.84
9076,US-2015-136259,11/5/2018,CB-12415,7.22
9077,US-2015-136259,11/5/2018,CB-12415,27.20
9078,US-2014-124625,11/3/2017,SP-20650,89.97
9079,CA-2016-108105,2/16/2019,GW-14605,318.08
9080,CA-2016-108105,2/16/2019,GW-14605,5.80
9084,CA-2015-104038,2/6/2018,LO-17170,146.73
9085,CA-2015-104038,2/6/2018,LO-17170,29.90
9086,CA-2016-126102,9/10/2019,DV-13465,276.78
9087,CA-2016-143406,9/26/2019,LR-17035,93.03
9088,CA-2016-143406,9/26/2019,LR-17035,454.97
9089,CA-2015-150308,12/15/2018,RR-19525,246.17
9090,CA-2016-131093,9/17/2019,TS-21610,295.40
9092,CA-2015-162950,6/28/2018,DW-13585,15.55
9093,CA-2015-162950,6/28/2018,DW-13585,482.94
9094,US-2015-132836,6/1/2018,AJ-10945,299.98
9095,US-2015-132836,6/1/2018,AJ-10945,403.68
9096,US-2015-132836,6/1/2018,AJ-10945,41.90
9097,US-2015-132836,6/1/2018,AJ-10945,28.91
9098,US-2014-158365,4/12/2017,SV-20785,32.40
9102,CA-2015-163181,11/7/2018,AB-10105,23.64
9103,CA-2015-163181,11/7/2018,AB-10105,84.78
9104,CA-2015-163181,11/7/2018,AB-10105,64.96
9105,CA-2015-163181,11/7/2018,AB-10105,32.06
9106,CA-2015-163181,11/7/2018,AB-10105,177.65
9107,CA-2015-163181,11/7/2018,AB-10105,287.91
9108,CA-2015-132941,5/25/2018,MM-18280,22.37
9109,CA-2015-132941,5/25/2018,MM-18280,32.37
9110,CA-2015-132941,5/25/2018,MM-18280,207.98
9111,CA-2014-132010,10/13/2017,MA-17995,36.40
9112,CA-2014-132010,10/13/2017,MA-17995,22.96
9113,CA-2014-132010,10/13/2017,MA-17995,315.20
9114,CA-2014-132010,10/13/2017,MA-17995,15.18
9115,CA-2016-135461,2/7/2019,EB-13975,623.96
9116,CA-2017-153045,1/19/2020,NS-18505,429.60
9117,CA-2017-153045,1/19/2020,NS-18505,31.97
9118,CA-2017-153045,1/19/2020,NS-18505,887.27
9119,CA-2017-153045,1/19/2020,NS-18505,21.70
9120,US-2016-155971,6/6/2019,RB-19795,22.05
9121,US-2016-155971,6/6/2019,RB-19795,99.90
9122,CA-2017-122007,3/18/2020,JK-15325,90.86
9124,US-2016-158288,11/26/2019,EH-13945,78.76
9125,CA-2016-128916,8/18/2019,MA-17560,9.55
9126,CA-2016-128916,8/18/2019,MA-17560,5.34
9127,CA-2015-157028,11/28/2018,MA-17995,8.28
9128,CA-2017-112473,5/25/2020,JL-15505,50.14
9130,CA-2016-130911,3/24/2019,DC-12850,301.47
9131,CA-2016-130911,3/24/2019,DC-12850,18.66
9132,CA-2017-100055,5/28/2020,MD-17860,27.46
9133,CA-2017-100055,5/28/2020,MD-17860,125.13
9134,CA-2015-157805,8/31/2018,RH-19510,555.96
9135,CA-2016-124254,4/12/2019,TB-21175,129.55
9136,CA-2016-124254,4/12/2019,TB-21175,51.98
9137,CA-2016-124254,4/12/2019,TB-21175,10.27
9138,CA-2014-123400,2/2/2017,EB-13930,18.34
9139,CA-2014-123400,2/2/2017,EB-13930,180.96
9140,CA-2014-106971,9/2/2017,BM-11785,475.94
9142,CA-2016-139409,9/5/2019,FW-14395,43.60
9143,US-2017-166688,5/20/2020,RD-19480,8.29
9144,US-2017-166688,5/20/2020,RD-19480,1123.13
9145,US-2017-166688,5/20/2020,RD-19480,64.90
9146,CA-2015-126970,9/20/2018,TP-21130,2.81
9147,US-2016-165505,1/23/2019,CB-12535,99.98
9148,US-2016-165505,1/23/2019,CB-12535,8.04
9149,US-2016-165505,1/23/2019,CB-12535,1564.29
9150,US-2014-157070,6/1/2017,QJ-19255,138.56
9151,US-2014-157070,6/1/2017,QJ-19255,65.52
9152,US-2015-106873,9/24/2018,KM-16720,14.58
9153,US-2015-106873,9/24/2018,KM-16720,23.20
9154,US-2015-106873,9/24/2018,KM-16720,16.46
9155,CA-2016-132990,8/1/2019,KM-16660,19.31
9156,CA-2014-102645,1/23/2017,IM-15055,40.08
9157,CA-2014-134215,8/4/2017,ML-17395,101.96
9158,CA-2014-134215,8/4/2017,ML-17395,259.74
9159,CA-2014-134215,8/4/2017,ML-17395,255.42
9160,CA-2016-118934,8/9/2019,GH-14410,4.34
9161,CA-2016-118934,8/9/2019,GH-14410,11.88
9162,CA-2016-160108,12/8/2019,AG-10900,405.86
9163,CA-2016-160108,12/8/2019,AG-10900,680.01
9164,CA-2015-164007,6/8/2018,MG-17695,2.38
9165,CA-2015-164007,6/8/2018,MG-17695,143.13
9166,CA-2016-100300,6/24/2019,MJ-17740,4476.80
9167,CA-2016-100300,6/24/2019,MJ-17740,104.85
9168,CA-2016-100300,6/24/2019,MJ-17740,241.44
9169,CA-2016-140571,3/15/2019,SJ-20125,319.76
9170,CA-2016-140571,3/15/2019,SJ-20125,45.68
9171,US-2016-155768,12/1/2019,LB-16795,31.96
9172,US-2016-155768,12/1/2019,LB-16795,47.90
9173,US-2016-155768,12/1/2019,LB-16795,1112.94
9174,US-2016-155768,12/1/2019,LB-16795,22.92
9175,CA-2017-119424,6/12/2020,SB-20185,71.98
9176,CA-2017-119424,6/12/2020,SB-20185,19.44
9177,CA-2016-118178,3/19/2019,CC-12610,31.09
9178,CA-2016-166618,11/14/2019,DP-13000,13.98
9179,CA-2016-166618,11/14/2019,DP-13000,23.65
9188,US-2015-130512,8/21/2018,SM-20320,3.49
9189,US-2015-130512,8/21/2018,SM-20320,21.73
9190,US-2015-130512,8/21/2018,SM-20320,663.07
9191,US-2015-130512,8/21/2018,SM-20320,99.59
9192,US-2015-130512,8/21/2018,SM-20320,49.57
9193,CA-2015-141810,11/2/2018,BB-10990,29.37
9194,CA-2015-141810,11/2/2018,BB-10990,344.70
9195,CA-2014-146843,11/30/2017,PB-19150,47.99
9196,CA-2014-146843,11/30/2017,PB-19150,102.24
9197,CA-2014-103310,5/10/2017,GM-14680,39.96
9198,CA-2014-103310,5/10/2017,GM-14680,1432.00
9199,CA-2014-103310,5/10/2017,GM-14680,41.04
9200,CA-2014-103310,5/10/2017,GM-14680,256.78
9201,CA-2016-152688,10/17/2019,NR-18550,120.98
9202,CA-2016-152688,10/17/2019,NR-18550,315.98
9203,CA-2016-153836,10/30/2019,EH-13765,28.75
9204,CA-2016-153836,10/30/2019,EH-13765,114.95
9205,CA-2016-104689,12/1/2019,FH-14365,23.04
9206,CA-2016-146423,4/21/2019,BT-11680,15.48
9207,CA-2016-146423,4/21/2019,BT-11680,51.84
9212,CA-2015-167479,3/14/2018,AI-10855,19.44
9213,CA-2014-144071,12/8/2017,DJ-13420,39.88
9214,CA-2014-144071,12/8/2017,DJ-13420,79.44
9216,CA-2016-152646,11/21/2019,TH-21235,32.40
9219,US-2015-164238,8/16/2018,JW-15955,44.69
9220,US-2015-164238,8/16/2018,JW-15955,301.47
9228,CA-2017-140515,3/19/2020,GZ-14545,381.36
9229,CA-2014-153619,11/3/2017,TC-21535,6.72
9230,CA-2017-133718,7/23/2020,TB-21520,15.19
9231,CA-2017-133718,7/23/2020,TB-21520,58.32
9232,CA-2014-148383,12/27/2017,RP-19390,946.76
9233,CA-2016-126732,9/2/2019,LR-16915,94.68
9234,CA-2016-126732,9/2/2019,LR-16915,23.67
9235,CA-2016-126732,9/2/2019,LR-16915,1091.17
9236,CA-2016-126732,9/2/2019,LR-16915,18.69
9237,CA-2016-126732,9/2/2019,LR-16915,568.73
9238,CA-2016-126732,9/2/2019,LR-16915,7.31
9239,CA-2017-138156,2/11/2020,MM-17260,147.57
9243,CA-2014-113271,7/9/2017,DS-13030,14.30
9244,CA-2014-113271,7/9/2017,DS-13030,119.83
9245,CA-2014-113271,7/9/2017,DS-13030,5.56
9246,CA-2014-113271,7/9/2017,DS-13030,32.40
9247,CA-2017-130106,5/22/2020,VF-21715,9.84
9248,CA-2017-130106,5/22/2020,VF-21715,2.78
9249,CA-2016-127761,11/10/2019,SW-20275,3.64
9250,CA-2016-127761,11/10/2019,SW-20275,881.93
9251,CA-2016-105354,12/2/2019,PW-19030,115.84
9252,CA-2017-155712,3/2/2020,KD-16615,107.65
9255,CA-2014-168368,2/11/2017,GA-14725,60.89
9256,CA-2014-168368,2/11/2017,GA-14725,14.94
9257,CA-2014-168368,2/11/2017,GA-14725,9.64
9258,CA-2014-168368,2/11/2017,GA-14725,332.94
9259,CA-2014-168368,2/11/2017,GA-14725,51.90
9260,CA-2014-168368,2/11/2017,GA-14725,64.96
9263,CA-2015-124499,10/9/2018,FM-14380,389.97
9264,CA-2015-124499,10/9/2018,FM-14380,269.91
9267,CA-2014-125759,2/8/2017,NM-18445,14.56
9268,CA-2015-151869,9/25/2018,CS-11950,102.58
9269,CA-2015-151869,9/25/2018,CS-11950,20.04
9272,CA-2016-100510,5/12/2019,HM-14860,10.02
9273,CA-2016-100510,5/12/2019,HM-14860,631.96
9275,US-2014-134054,10/10/2017,FC-14335,255.85
9276,CA-2016-113236,5/26/2019,CP-12085,184.70
9277,CA-2016-113236,5/26/2019,CP-12085,47.92
9281,CA-2016-166772,9/20/2019,HJ-14875,163.88
9283,CA-2016-160486,12/30/2019,EH-14185,72.22
9285,CA-2014-161032,11/18/2017,MK-17905,392.94
9286,CA-2015-102778,11/21/2018,JH-15820,18.18
9287,CA-2017-154011,6/19/2020,DB-13270,6.89
9288,CA-2017-154011,6/19/2020,DB-13270,457.48
9290,CA-2014-111857,4/23/2017,NM-18445,48.91
9291,CA-2014-163650,9/23/2017,TT-21220,9.84
9292,CA-2014-163650,9/23/2017,TT-21220,34.50
9293,CA-2017-124114,3/2/2020,RS-19765,0.56
9295,CA-2017-161340,5/28/2020,AM-10360,13.87
9296,CA-2017-161340,5/28/2020,AM-10360,115.96
9297,US-2015-163433,4/18/2018,MP-17965,41.42
9298,US-2015-163433,4/18/2018,MP-17965,244.77
9299,US-2015-163433,4/18/2018,MP-17965,74.35
9300,US-2015-163433,4/18/2018,MP-17965,4.31
9301,US-2015-163433,4/18/2018,MP-17965,56.69
9302,US-2015-163433,4/18/2018,MP-17965,97.97
9303,US-2015-163433,4/18/2018,MP-17965,7.87
9304,US-2015-163433,4/18/2018,MP-17965,15.55
9305,US-2015-163433,4/18/2018,MP-17965,1.48
9306,CA-2015-137603,9/19/2018,MH-17290,8.40
9307,CA-2014-128237,3/25/2017,CA-12265,6.56
9308,CA-2014-128237,3/25/2017,CA-12265,14.88
9309,CA-2014-128237,3/25/2017,CA-12265,45.48
9310,CA-2014-128237,3/25/2017,CA-12265,25.44
9311,US-2016-102141,8/26/2019,KD-16615,146.69
9312,CA-2017-148642,3/6/2020,DW-13540,4.93
9313,CA-2017-148642,3/6/2020,DW-13540,63.49
9314,CA-2015-111948,11/11/2018,AG-10495,418.32
9315,CA-2015-111948,11/11/2018,AG-10495,123.86
9316,CA-2016-161907,4/5/2019,JH-16180,118.78
9317,CA-2016-161907,4/5/2019,JH-16180,769.18
9318,CA-2017-124940,2/21/2020,DK-13090,47.90
9319,US-2017-108343,7/20/2020,AR-10825,13.36
9320,US-2017-108343,7/20/2020,AR-10825,163.76
9321,US-2017-108343,7/20/2020,AR-10825,183.92
9322,US-2016-111563,11/4/2019,SM-20005,11.38
9323,US-2016-111563,11/4/2019,SM-20005,66.11
9330,CA-2015-164497,11/28/2018,AJ-10945,45.28
9331,US-2015-153283,11/12/2018,EB-14110,15.56
9332,CA-2016-108056,9/29/2019,ES-14080,859.20
9335,CA-2017-110198,5/1/2020,AG-10900,314.35
9336,CA-2017-110198,5/1/2020,AG-10900,4.61
9338,CA-2014-155264,10/19/2017,RP-19270,2.99
9339,CA-2014-155264,10/19/2017,RP-19270,20.06
9340,CA-2014-155264,10/19/2017,RP-19270,146.73
9341,CA-2014-155264,10/19/2017,RP-19270,18.75
9342,CA-2014-155264,10/19/2017,RP-19270,117.58
9343,CA-2016-119123,3/13/2019,DB-13360,51.18
9344,CA-2017-109085,2/17/2020,CK-12325,455.97
9345,CA-2017-109085,2/17/2020,CK-12325,5.72
9346,CA-2017-109085,2/17/2020,CK-12325,57.59
9347,CA-2017-109085,2/17/2020,CK-12325,30.14
9348,CA-2017-109085,2/17/2020,CK-12325,899.43
9349,CA-2016-114860,12/22/2019,DN-13690,842.72
9350,CA-2016-114860,12/22/2019,DN-13690,41.96
9351,CA-2016-159009,9/23/2019,DP-13105,13.22
9352,CA-2016-159009,9/23/2019,DP-13105,184.75
9355,CA-2015-110324,12/1/2018,MA-17560,19.44
9356,CA-2015-110324,12/1/2018,MA-17560,3.64
9357,CA-2015-110324,12/1/2018,MA-17560,18.54
9358,CA-2016-168046,1/25/2019,JD-15895,43.12
9359,CA-2016-168046,1/25/2019,JD-15895,313.72
9360,CA-2016-168046,1/25/2019,JD-15895,45.98
9361,CA-2016-168046,1/25/2019,JD-15895,428.68
9362,CA-2017-111591,3/21/2020,PS-18970,30.58
9363,CA-2017-111591,3/21/2020,PS-18970,13.02
9364,CA-2017-111591,3/21/2020,PS-18970,22.14
9365,CA-2017-111591,3/21/2020,PS-18970,359.32
9366,US-2014-166828,8/22/2017,JF-15415,11.56
9367,CA-2014-108147,6/8/2017,RD-19480,68.48
9368,CA-2014-108147,6/8/2017,RD-19480,1676.88
9369,CA-2016-154998,4/7/2019,ES-14080,37.94
9371,CA-2015-111339,5/29/2018,VP-21760,41.57
9372,CA-2015-111339,5/29/2018,VP-21760,317.06
9373,CA-2015-111339,5/29/2018,VP-21760,8.04
9374,CA-2017-102820,5/7/2020,CS-11950,419.94
9375,CA-2016-149671,6/5/2019,KB-16600,61.38
9376,CA-2015-126347,12/14/2018,AJ-10945,50.00
9379,CA-2016-117625,5/10/2019,GM-14500,7.07
9380,CA-2014-154158,12/23/2017,CC-12670,45.53
9381,CA-2014-154158,12/23/2017,CC-12670,64.78
9382,CA-2014-154158,12/23/2017,CC-12670,424.27
9383,CA-2014-154158,12/23/2017,CC-12670,1.34
9384,CA-2014-154158,12/23/2017,CC-12670,83.92
9387,US-2017-127292,1/19/2020,RM-19375,79.92
9388,US-2017-127292,1/19/2020,RM-19375,12.28
9389,US-2017-127292,1/19/2020,RM-19375,542.94
9390,US-2017-127292,1/19/2020,RM-19375,2.04
9391,CA-2015-163734,6/19/2018,KM-16375,228.92
9392,CA-2017-162474,3/13/2020,FH-14275,7.99
9393,CA-2015-130848,10/25/2018,DG-13300,582.34
9394,CA-2014-125997,9/20/2017,MW-18220,629.95
9395,CA-2014-125997,9/20/2017,MW-18220,631.78
9396,CA-2014-125997,9/20/2017,MW-18220,801.57
9397,CA-2014-125997,9/20/2017,MW-18220,75.18
9398,CA-2014-125997,9/20/2017,MW-18220,30.98
9399,CA-2014-125997,9/20/2017,MW-18220,1349.91
9400,CA-2016-103128,11/11/2019,SC-20845,14.11
9401,CA-2015-167696,9/16/2018,BD-11500,31.12
9402,CA-2014-159814,6/24/2017,LP-17080,4.27
9403,CA-2016-105459,8/12/2019,NP-18700,209.15
9404,CA-2016-105459,8/12/2019,NP-18700,1591.02
9405,CA-2017-141663,4/13/2020,DP-13105,7.92
9406,CA-2014-152618,3/14/2017,RB-19465,574.91
9407,CA-2014-152618,3/14/2017,RB-19465,8.45
9412,CA-2016-108959,3/10/2019,MH-17785,104.70
9413,CA-2015-164777,1/27/2018,SC-20305,2803.92
9414,CA-2016-132017,9/26/2019,MH-17620,6.82
9415,CA-2015-127824,10/18/2018,JC-15775,249.58
9416,CA-2015-127824,10/18/2018,JC-15775,17.94
9417,CA-2015-127824,10/18/2018,JC-15775,10.11
9418,CA-2014-148285,10/27/2017,RD-19810,10.37
9419,CA-2014-148285,10/27/2017,RD-19810,11.95
9422,CA-2014-145254,7/23/2017,NC-18535,604.75
9423,CA-2014-145254,7/23/2017,NC-18535,40.70
9424,CA-2014-145254,7/23/2017,NC-18535,302.38
9425,CA-2014-145254,7/23/2017,NC-18535,45.00
9426,CA-2014-116246,9/12/2017,LW-17215,3785.29
9427,CA-2016-160479,9/15/2019,AH-10585,35.40
9428,CA-2014-167486,11/27/2017,JO-15145,199.90
9429,CA-2014-152100,5/11/2017,VW-21775,1212.96
9430,CA-2015-166219,8/28/2018,BP-11185,1099.96
9431,CA-2015-166219,8/28/2018,BP-11185,103.48
9432,CA-2015-111864,6/19/2018,PP-18955,5.90
9433,CA-2015-119627,8/17/2018,SC-20725,30.08
9434,CA-2015-119627,8/17/2018,SC-20725,36.29
9435,CA-2015-119627,8/17/2018,SC-20725,10.27
9436,CA-2015-119627,8/17/2018,SC-20725,252.80
9437,CA-2015-160787,9/25/2018,BM-11785,2.95
9438,CA-2017-107853,5/26/2020,CD-11920,12.96
9439,CA-2017-126144,7/31/2020,GM-14680,285.58
9440,US-2014-154655,10/12/2017,BP-11050,22.24
9441,CA-2014-100391,5/25/2017,BW-11065,14.62
9442,CA-2014-165477,12/29/2017,RE-19405,48.36
9443,CA-2017-165904,4/7/2020,HR-14770,16.26
9444,CA-2017-165904,4/7/2020,HR-14770,219.18
9445,CA-2015-104052,3/1/2018,TP-21565,95.84
9446,CA-2015-168277,5/29/2018,KB-16315,12.39
9447,CA-2016-158617,9/22/2019,AC-10660,35.88
9448,CA-2017-136882,5/27/2020,DN-13690,477.30
9449,US-2016-148957,9/17/2019,CC-12430,12.32
9450,CA-2014-140032,9/8/2017,TS-21340,8.61
9451,CA-2017-145506,6/3/2020,MO-17800,136.26
9452,CA-2015-129546,9/28/2018,RP-19855,186.15
9453,CA-2015-129546,9/28/2018,RP-19855,81.79
9454,CA-2015-129546,9/28/2018,RP-19855,47.19
9455,CA-2015-129546,9/28/2018,RP-19855,36.78
9456,CA-2016-140977,6/16/2019,JL-15175,91.48
9457,CA-2017-151855,5/27/2020,BW-11110,27.19
9458,CA-2017-151855,5/27/2020,BW-11110,12.06
9459,CA-2014-138240,10/9/2017,SJ-20500,144.60
9460,CA-2014-138240,10/9/2017,SJ-20500,15.99
9461,CA-2014-101833,11/17/2017,FG-14260,34.44
9462,CA-2014-100867,10/19/2017,EH-14125,321.55
9464,CA-2014-156545,2/27/2017,JS-16030,19.46
9465,CA-2014-109127,12/21/2017,JC-15775,17.28
9466,CA-2016-126858,11/19/2019,JM-15265,31.96
9475,CA-2015-100818,5/31/2018,JM-15265,5.90
9476,CA-2015-100818,5/31/2018,JM-15265,173.49
9477,CA-2015-100818,5/31/2018,JM-15265,51.56
9478,CA-2015-100818,5/31/2018,JM-15265,3.56
9479,CA-2014-126193,9/7/2017,SS-20410,13.16
9480,CA-2014-126193,9/7/2017,SS-20410,3.83
9481,CA-2014-126193,9/7/2017,SS-20410,304.99
9483,CA-2015-158351,6/20/2018,BC-11125,319.98
9484,CA-2014-122679,7/22/2017,AB-10255,19.68
9485,CA-2016-164770,12/2/2019,MY-18295,781.86
9486,CA-2016-164770,12/2/2019,MY-18295,30.82
9489,CA-2015-156566,10/1/2018,EM-13960,572.80
9490,US-2016-102232,8/5/2019,MF-17665,197.05
9491,CA-2017-111738,1/3/2020,CM-12385,2022.27
9492,CA-2017-111738,1/3/2020,CM-12385,9.12
9494,CA-2016-105207,1/3/2019,BO-11350,1592.85
9495,CA-2016-105207,1/3/2019,BO-11350,11.88
9496,US-2016-123610,5/12/2019,VM-21835,120.00
9497,US-2016-123610,5/12/2019,VM-21835,8.67
9501,CA-2016-149237,5/26/2019,CM-12235,26.94
9502,US-2015-158589,11/20/2018,KW-16570,32.04
9503,CA-2016-101329,4/22/2019,MM-17920,32.13
9504,CA-2016-101329,4/22/2019,MM-17920,2.88
9505,CA-2016-113607,10/14/2019,PW-19030,1091.93
9506,CA-2016-113607,10/14/2019,PW-19030,111.96
9507,CA-2014-149104,4/5/2017,RD-19900,26.70
9508,CA-2014-149104,4/5/2017,RD-19900,40.20
9509,CA-2014-149104,4/5/2017,RD-19900,13.89
9510,CA-2014-149104,4/5/2017,RD-19900,689.82
9511,CA-2016-105263,8/6/2019,LM-17065,38.34
9512,CA-2014-130575,12/14/2017,CS-11845,9.26
9513,CA-2017-142461,5/30/2020,KT-16480,204.67
9514,CA-2016-125220,10/14/2019,BE-11410,1649.75
9515,CA-2014-100293,3/14/2017,NF-18475,91.06
9516,CA-2014-154165,2/17/2017,DL-13315,54.21
9517,CA-2015-123939,8/24/2018,MS-17710,26.98
9518,CA-2015-123939,8/24/2018,MS-17710,6.91
9519,CA-2015-123939,8/24/2018,MS-17710,435.50
9520,US-2017-104451,5/8/2020,MM-18055,81.08
9521,CA-2016-101189,2/4/2019,JB-15400,93.02
9522,CA-2014-169446,12/19/2017,SG-20605,323.98
9523,CA-2014-169446,12/19/2017,SG-20605,15.55
9524,CA-2014-169446,12/19/2017,SG-20605,32.59
9530,CA-2017-101637,3/24/2020,AC-10615,12.77
9531,CA-2017-111759,7/8/2020,MR-17545,52.76
9533,CA-2016-116596,10/27/2019,BW-11200,427.64
9534,CA-2016-116596,10/27/2019,BW-11200,40.67
9535,CA-2016-116596,10/27/2019,BW-11200,33.48
9536,CA-2016-116596,10/27/2019,BW-11200,9.73
9537,CA-2017-124191,6/12/2020,TS-21610,8.86
9538,CA-2016-148747,9/25/2019,AS-10045,477.67
9541,CA-2015-135727,5/11/2018,PS-18970,191.97
9542,CA-2015-135251,8/6/2018,RP-19270,35.52
9543,CA-2015-135251,8/6/2018,RP-19270,6.23
9544,CA-2015-135251,8/6/2018,RP-19270,56.70
9545,CA-2015-135251,8/6/2018,RP-19270,369.20
9546,CA-2014-166590,10/29/2017,NC-18625,1.98
9547,CA-2014-166590,10/29/2017,NC-18625,75.88
9548,CA-2016-131744,6/18/2019,SC-20770,6.85
9549,CA-2016-131744,6/18/2019,SC-20770,4.63
9550,CA-2016-131744,6/18/2019,SC-20770,453.60
9551,CA-2015-160864,5/3/2018,NF-18595,13.85
9552,CA-2015-147690,11/10/2018,SC-20020,577.58
9553,CA-2015-163923,5/30/2018,BD-11560,151.96
9554,CA-2016-125724,9/22/2019,SM-20950,68.43
9555,CA-2015-111612,11/28/2018,EB-14110,71.12
9556,CA-2015-111612,11/28/2018,EB-14110,3.01
9557,CA-2015-156853,12/3/2018,HP-14815,184.66
9558,CA-2014-103086,10/17/2017,EB-14170,5.31
9559,CA-2016-129280,5/3/2019,SM-20905,132.52
9560,CA-2016-129280,5/3/2019,SM-20905,195.64
9561,CA-2016-129280,5/3/2019,SM-20905,51.97
9562,CA-2016-129280,5/3/2019,SM-20905,431.98
9563,CA-2016-129280,5/3/2019,SM-20905,224.94
9564,CA-2016-129280,5/3/2019,SM-20905,6.00
9565,CA-2015-161242,6/1/2018,CG-12040,11.76
9566,CA-2014-130428,3/31/2017,TG-21640,1125.49
9567,CA-2014-130428,3/31/2017,TG-21640,12.65
9568,CA-2014-130428,3/31/2017,TG-21640,4.03
9569,CA-2017-104388,7/5/2020,DK-12835,79.96
9570,CA-2015-113131,9/24/2018,MB-17305,6.73
9571,CA-2015-113131,9/24/2018,MB-17305,33.57
9572,CA-2015-113131,9/24/2018,MB-17305,15.84
9573,CA-2015-113131,9/24/2018,MB-17305,24.42
9574,CA-2015-113131,9/24/2018,MB-17305,17.12
9575,CA-2015-148495,8/13/2018,SF-20065,31.56
9576,CA-2015-143147,5/26/2018,PS-18760,105.69
9577,CA-2015-143147,5/26/2018,PS-18760,399.54
9578,CA-2015-143147,5/26/2018,PS-18760,104.93
9583,CA-2016-107475,6/7/2019,RS-19870,9.65
9584,CA-2017-116127,6/25/2020,SB-20185,400.78
9586,CA-2016-160598,8/26/2019,SV-20815,31.01
9587,CA-2016-108630,11/18/2019,BE-11410,61.12
9588,US-2017-129203,4/17/2020,BM-11575,195.14
9589,CA-2017-110940,7/23/2020,AZ-10750,121.54
9590,CA-2014-119172,5/11/2017,HD-14785,17.47
9591,CA-2014-119172,5/11/2017,HD-14785,104.58
9592,US-2016-105452,7/28/2019,BF-11005,24.70
9593,US-2016-105452,7/28/2019,BF-11005,302.72
9596,CA-2017-104619,1/24/2020,KD-16495,25.86
9597,CA-2017-104619,1/24/2020,KD-16495,276.78
9598,CA-2017-104619,1/24/2020,KD-16495,110.35
9599,CA-2015-149517,9/19/2018,FC-14245,60.84
9600,CA-2015-116841,4/14/2018,TP-21130,35.21
9601,CA-2017-107797,5/8/2020,EB-13705,41.47
9602,CA-2016-117604,9/4/2019,JP-15520,239.50
9603,CA-2014-130155,5/19/2017,TD-20995,34.20
9604,CA-2016-129861,6/17/2019,DM-13345,376.87
9605,CA-2015-138625,11/2/2018,EG-13900,197.72
9610,CA-2016-130638,5/16/2019,SC-20095,282.84
9611,CA-2016-130638,5/16/2019,SC-20095,27.72
9613,CA-2016-110086,9/18/2019,BD-11320,239.98
9614,CA-2014-128524,11/11/2017,MZ-17515,22.98
9615,CA-2014-128524,11/11/2017,MZ-17515,102.13
9616,CA-2014-128524,11/11/2017,MZ-17515,2033.58
9617,CA-2016-140256,8/22/2019,PW-19030,5.76
9621,CA-2014-115133,9/26/2017,DA-13450,16.70
9622,CA-2014-115133,9/26/2017,DA-13450,3.15
9623,CA-2014-115133,9/26/2017,DA-13450,32.90
9624,CA-2017-137449,6/29/2020,ME-17725,21.39
9625,CA-2017-137449,6/29/2020,ME-17725,307.31
9626,CA-2017-137449,6/29/2020,ME-17725,410.00
9628,CA-2014-139283,11/23/2017,BT-11440,14.67
9629,CA-2014-118192,1/13/2017,MM-17920,37.41
9630,CA-2014-118192,1/13/2017,MM-17920,3.44
9631,CA-2016-168844,5/31/2019,NM-18520,7.15
9632,CA-2016-168844,5/31/2019,NM-18520,179.70
9633,CA-2017-154809,2/13/2020,MH-17455,90.64
9634,CA-2014-151330,10/14/2017,TC-21295,177.00
9635,CA-2014-151330,10/14/2017,TC-21295,79.45
9636,CA-2014-151330,10/14/2017,TC-21295,1628.82
9637,CA-2014-124702,11/18/2017,MH-17785,137.54
9638,CA-2014-124702,11/18/2017,MH-17785,730.20
9640,CA-2015-116638,1/28/2018,JH-15985,4297.64
9641,CA-2014-104563,3/7/2017,CM-12715,20.65
9642,CA-2014-104563,3/7/2017,CM-12715,204.90
9643,CA-2014-104563,3/7/2017,CM-12715,436.70
9644,CA-2014-104563,3/7/2017,CM-12715,481.57
9645,US-2017-107979,6/8/2020,FO-14305,89.54
9646,US-2017-107979,6/8/2020,FO-14305,35.17
9647,US-2017-107979,6/8/2020,FO-14305,72.59
9648,CA-2014-150518,11/19/2017,MW-18220,221.16
9649,CA-2014-150518,11/19/2017,MW-18220,281.97
9650,CA-2016-107104,11/26/2019,MS-17365,3406.66
9651,CA-2016-107104,11/26/2019,MS-17365,37.17
9652,CA-2016-107104,11/26/2019,MS-17365,64.96
9653,CA-2016-107104,11/26/2019,MS-17365,595.38
9654,CA-2017-161893,1/23/2020,HP-14815,95.98
9655,CA-2017-161893,1/23/2020,HP-14815,4.94
9656,CA-2014-156160,9/22/2017,AS-10090,97.44
9657,CA-2014-156160,9/22/2017,AS-10090,3.98
9658,CA-2014-156160,9/22/2017,AS-10090,13.04
9659,CA-2014-156160,9/22/2017,AS-10090,579.53
9660,CA-2014-100860,3/26/2017,CS-12505,18.75
9661,CA-2016-160717,6/6/2019,ME-17320,3023.93
9662,CA-2016-160717,6/6/2019,ME-17320,26.96
9663,CA-2016-160717,6/6/2019,ME-17320,477.60
9665,US-2015-120957,12/7/2018,KH-16690,12.96
9668,CA-2016-126270,4/23/2019,AF-10870,18.09
9669,CA-2016-126270,4/23/2019,AF-10870,71.97
9670,CA-2017-145275,4/2/2020,AH-10465,14.94
9671,CA-2015-133396,8/13/2018,GK-14620,64.68
9673,CA-2016-114867,12/23/2019,FM-14290,7.97
9674,CA-2016-114867,12/23/2019,FM-14290,1499.97
9675,US-2014-164644,7/22/2017,JL-15850,26.63
9676,CA-2016-137393,5/6/2019,GM-14500,41.60
9677,US-2014-120175,11/28/2017,MC-17635,64.02
9678,CA-2016-144785,4/18/2019,CS-12490,6.99
9679,CA-2016-144785,4/18/2019,CS-12490,6.84
9680,CA-2015-130113,12/27/2018,AH-10030,323.10
9681,CA-2015-130113,12/27/2018,AH-10030,668.16
9686,CA-2017-118668,1/2/2020,FW-14395,16.59
9687,CA-2017-116498,5/30/2020,KA-16525,35.10
9689,US-2017-135986,6/20/2020,PG-18895,32.40
9690,US-2017-135986,6/20/2020,PG-18895,503.96
9691,CA-2017-140536,4/4/2020,TA-21385,7.04
9692,CA-2015-130183,11/13/2018,PO-18850,614.00
9693,CA-2015-107902,8/28/2018,SM-20950,470.36
9696,US-2016-151260,12/11/2019,SC-20695,73.54
9697,CA-2014-144281,6/10/2017,HK-14890,491.55
9698,CA-2016-122511,3/11/2019,BT-11485,30.34
9702,CA-2016-105291,10/30/2019,SP-20920,3.62
9703,CA-2017-147032,7/31/2020,LB-16795,11.54
9704,CA-2017-147032,7/31/2020,LB-16795,849.95
9705,CA-2017-147032,7/31/2020,LB-16795,11.01
9707,CA-2016-161746,10/21/2019,CS-11950,242.14
9708,CA-2016-161746,10/21/2019,CS-11950,12.39
9709,CA-2016-161746,10/21/2019,CS-11950,19.96
9710,CA-2016-161746,10/21/2019,CS-11950,340.92
9711,CA-2014-114251,11/5/2017,MD-17350,273.57
9712,CA-2014-114251,11/5/2017,MD-17350,13.19
9713,CA-2014-114251,11/5/2017,MD-17350,1080.10
9714,CA-2014-114251,11/5/2017,MD-17350,51.56
9715,CA-2014-114251,11/5/2017,MD-17350,58.42
9716,CA-2016-116379,11/7/2019,LD-17005,57.58
9717,US-2016-144477,8/12/2019,DB-13270,37.31
9718,CA-2016-108210,5/30/2019,AT-10735,79.96
9719,CA-2016-108210,5/30/2019,AT-10735,223.96
9721,CA-2016-119641,9/22/2019,CS-12250,18.96
9722,CA-2016-105781,2/16/2019,JF-15565,326.65
9723,CA-2016-105781,2/16/2019,JF-15565,89.97
9724,CA-2014-101364,12/22/2017,TW-21025,296.71
9725,CA-2015-117898,12/5/2018,TB-21250,12.22
9730,CA-2014-111962,9/29/2017,EB-14170,10.05
9731,CA-2014-111962,9/29/2017,EB-14170,807.75
9733,CA-2014-114321,8/20/2017,NC-18535,500.24
9734,CA-2014-114321,8/20/2017,NC-18535,20.12
9735,CA-2014-114321,8/20/2017,NC-18535,896.99
9736,CA-2014-128062,11/19/2017,AD-10180,5.88
9737,US-2015-100069,6/29/2018,NF-18475,269.98
9738,CA-2017-129294,3/16/2020,KD-16615,310.12
9739,CA-2017-129294,3/16/2020,KD-16615,70.46
9740,CA-2017-129294,3/16/2020,KD-16615,19.68
9741,CA-2017-129294,3/16/2020,KD-16615,140.67
9742,CA-2015-117086,11/8/2018,QJ-19255,4404.90
9744,CA-2016-137127,6/16/2019,JJ-15445,9.45
9745,CA-2017-141782,1/21/2020,BE-11410,268.58
9748,US-2014-140914,11/11/2017,BH-11710,10.98
9749,US-2014-140914,11/11/2017,BH-11710,797.94
9750,CA-2016-158358,3/4/2019,EM-13810,159.98
9751,CA-2016-113390,10/11/2019,EP-13915,5.34
9752,CA-2016-113390,10/11/2019,EP-13915,27.72
9753,US-2016-158680,7/1/2019,NZ-18565,2.50
9754,CA-2017-113705,3/27/2020,LC-16870,8.26
9755,CA-2017-113705,3/27/2020,LC-16870,17.76
9756,CA-2017-113705,3/27/2020,LC-16870,332.94
9757,CA-2017-113705,3/27/2020,LC-16870,292.10
9758,CA-2017-113705,3/27/2020,LC-16870,206.10
9759,CA-2017-113705,3/27/2020,LC-16870,17.64
9760,CA-2016-146913,10/31/2019,SF-20965,1403.92
9762,CA-2014-121762,2/14/2017,ML-17395,239.97
9763,CA-2014-121762,2/14/2017,ML-17395,81.96
9764,CA-2014-121762,2/14/2017,ML-17395,238.62
9765,CA-2014-123855,6/18/2017,MC-18100,139.80
9766,CA-2017-101959,2/28/2020,DB-13660,9.84
9767,CA-2017-101959,2/28/2020,DB-13660,7.78
9770,CA-2016-123533,11/24/2019,SC-20050,339.92
9771,CA-2016-123533,11/24/2019,SC-20050,10.53
9772,CA-2016-123533,11/24/2019,SC-20050,42.38
9773,CA-2016-104983,7/3/2019,FM-14215,123.92
9774,CA-2016-160234,6/26/2019,PF-19225,135.95
9775,CA-2014-169019,7/26/2017,LF-17185,2177.58
9776,CA-2014-169019,7/26/2017,LF-17185,17.50
9777,CA-2014-169019,7/26/2017,LF-17185,16.78
9778,CA-2014-169019,7/26/2017,LF-17185,431.14
9779,CA-2014-169019,7/26/2017,LF-17185,8.88
9780,CA-2014-169019,7/26/2017,LF-17185,4.84
9781,CA-2016-153178,9/14/2019,CL-12565,437.85
9782,CA-2016-153178,9/14/2019,CL-12565,673.57
9783,CA-2015-149748,5/31/2018,EM-13825,274.80
9784,CA-2015-149748,5/31/2018,EM-13825,62.18
9785,CA-2015-149748,5/31/2018,EM-13825,8.28
9786,CA-2015-155635,5/9/2018,ME-17725,48.81
9787,US-2014-114377,11/5/2017,BG-11035,149.90
9788,CA-2017-144491,3/27/2020,CJ-12010,1023.33
9789,CA-2017-144491,3/27/2020,CJ-12010,600.56
9790,CA-2017-144491,3/27/2020,CJ-12010,39.99
9791,CA-2017-144491,3/27/2020,CJ-12010,211.25
9792,CA-2014-127166,5/21/2017,KH-16360,56.06
9793,CA-2014-127166,5/21/2017,KH-16360,107.77
9794,CA-2014-127166,5/21/2017,KH-16360,4.83
9795,CA-2014-127166,5/21/2017,KH-16360,18.24
9796,CA-2016-125920,5/21/2019,SH-19975,3.80
9797,CA-2015-128608,1/12/2018,CS-12490,10.37
9798,CA-2015-128608,1/12/2018,CS-12490,235.19
9799,CA-2015-128608,1/12/2018,CS-12490,26.38
9800,CA-2015-128608,1/12/2018,CS-12490,10.38
9801,CA-2015-128608,1/12/2018,CS-12490,107.12
9803,CA-2015-122973,7/18/2018,PJ-19015,3.33
9804,CA-2015-122973,7/18/2018,PJ-19015,135.99
9805,CA-2015-122973,7/18/2018,PJ-19015,7.38
9806,CA-2016-136322,10/21/2019,AP-10720,45.57
9807,CA-2016-136322,10/21/2019,AP-10720,28.75
9808,CA-2017-107209,7/27/2020,JW-15955,194.85
9809,CA-2017-145093,7/21/2020,PT-19090,2.11
9810,US-2014-139640,11/7/2017,TB-21595,25.92
9811,US-2014-139640,11/7/2017,TB-21595,120.77
9812,CA-2016-117583,11/27/2019,CB-12025,25.92
9813,CA-2016-117583,11/27/2019,CB-12025,34.65
9814,CA-2016-117583,11/27/2019,CB-12025,204.95
9815,CA-2016-117583,11/27/2019,CB-12025,79.95
9816,CA-2015-162201,6/8/2018,AG-10495,173.49
9817,CA-2015-162201,6/8/2018,AG-10495,516.96
9818,CA-2015-162201,6/8/2018,AG-10495,173.21
9819,CA-2015-162201,6/8/2018,AG-10495,4.45
9820,CA-2015-162201,6/8/2018,AG-10495,9.00
9821,CA-2015-162201,6/8/2018,AG-10495,42.24
9822,CA-2015-162201,6/8/2018,AG-10495,18.26
9823,US-2014-164406,8/15/2017,BD-11605,152.91
9824,US-2014-164406,8/15/2017,BD-11605,92.94
9825,US-2014-164406,8/15/2017,BD-11605,17.86
9826,US-2014-164406,8/15/2017,BD-11605,46.44
9827,US-2014-164406,8/15/2017,BD-11605,195.14
9828,CA-2017-169999,6/19/2020,JS-15685,129.30
9829,CA-2017-169999,6/19/2020,JS-15685,11.57
9830,US-2017-152842,7/16/2020,NF-18385,242.35
9831,CA-2014-113257,12/16/2017,SC-20305,319.97
9832,CA-2014-113257,12/16/2017,SC-20305,8.62
9833,CA-2014-133963,5/18/2017,GA-14515,3.98
9835,CA-2016-126627,10/10/2019,WB-21850,14.00
9836,CA-2016-126627,10/10/2019,WB-21850,16.39
9837,US-2016-125402,9/25/2019,DL-12865,10.90
9838,US-2016-125402,9/25/2019,DL-12865,29.60
9839,US-2016-125402,9/25/2019,DL-12865,4.98
9840,US-2016-125402,9/25/2019,DL-12865,479.98
9841,US-2016-125402,9/25/2019,DL-12865,44.74
9842,US-2016-125402,9/25/2019,DL-12865,5.76
9843,US-2016-125402,9/25/2019,DL-12865,483.14
9844,CA-2014-163867,6/3/2017,RE-19450,15.94
9845,CA-2014-163867,6/3/2017,RE-19450,61.54
9846,CA-2014-163867,6/3/2017,RE-19450,132.70
9850,CA-2014-142979,4/12/2017,EH-13765,39.68
9851,CA-2016-158155,5/2/2019,EH-13765,12.56
9852,CA-2016-158155,5/2/2019,EH-13765,90.48
9853,CA-2016-158155,5/2/2019,EH-13765,13.08
9854,CA-2016-158155,5/2/2019,EH-13765,214.70
9855,CA-2017-138870,6/19/2020,GA-14515,50.32
9856,CA-2017-138870,6/19/2020,GA-14515,24.56
9857,CA-2014-120950,11/6/2017,GA-14515,43.68
9858,CA-2015-164301,3/26/2018,EB-13840,3393.68
9859,CA-2017-113278,1/14/2020,HR-14770,67.40
9860,CA-2017-113278,1/14/2020,HR-14770,2.52
9861,CA-2017-113278,1/14/2020,HR-14770,67.80
9862,CA-2017-113278,1/14/2020,HR-14770,18.76
9863,CA-2017-113278,1/14/2020,HR-14770,12.12
9864,CA-2017-113278,1/14/2020,HR-14770,11.34
9865,CA-2017-113278,1/14/2020,HR-14770,159.80
9866,CA-2017-113278,1/14/2020,HR-14770,18.96
9867,US-2015-116981,3/26/2018,SM-20950,1085.42
9868,US-2015-116981,3/26/2018,SM-20950,13.11
9869,CA-2014-114195,11/1/2017,EA-14035,68.70
9870,CA-2014-114195,11/1/2017,EA-14035,3.13
9871,CA-2014-114195,11/1/2017,EA-14035,22.43
9874,CA-2016-100587,12/10/2019,SL-20155,6.48
9875,CA-2016-166653,9/22/2019,NP-18685,63.97
9876,CA-2015-130855,12/29/2018,RF-19840,6.36
9877,US-2017-166324,4/20/2020,BE-11455,848.54
9878,US-2017-166324,4/20/2020,BE-11455,8.70
9879,US-2017-166324,4/20/2020,BE-11455,122.38
9880,CA-2016-122581,8/21/2019,JK-15370,573.17
9881,CA-2015-104297,5/29/2018,CC-12100,85.06
9882,CA-2014-153927,8/12/2017,LL-16840,14.04
9883,CA-2014-153927,8/12/2017,LL-16840,272.61
9884,CA-2014-112291,4/3/2017,KE-16420,11.16
9885,CA-2014-112291,4/3/2017,KE-16420,62.31
9886,CA-2014-112291,4/3/2017,KE-16420,159.98
9887,CA-2014-146997,1/23/2017,SG-20605,5.94
9889,CA-2015-127544,8/8/2018,RD-19585,79.99
9890,CA-2017-166499,3/19/2020,VG-21805,8.94
9891,US-2016-115441,7/25/2019,SH-19975,20.62
9892,US-2016-115441,7/25/2019,SH-19975,124.25
9893,US-2016-115441,7/25/2019,SH-19975,297.55
9894,US-2016-115441,7/25/2019,SH-19975,403.56
9895,US-2016-115441,7/25/2019,SH-19975,95.20
9896,CA-2014-115049,9/26/2017,MM-17920,153.82
9897,CA-2014-156342,6/17/2017,JF-15415,62.02
9898,CA-2016-112830,6/6/2019,LP-17095,466.32
9899,CA-2016-112830,6/6/2019,LP-17095,82.64
9900,US-2014-117380,3/28/2017,MP-18175,330.59
9904,CA-2014-122609,11/12/2017,DP-13000,25.13
9905,CA-2014-122609,11/12/2017,DP-13000,127.98
9906,US-2015-129007,9/13/2018,KD-16615,131.88
9907,US-2015-129007,9/13/2018,KD-16615,25.03
9908,US-2015-129007,9/13/2018,KD-16615,717.72
9909,US-2015-129007,9/13/2018,KD-16615,207.35
9910,US-2015-129007,9/13/2018,KD-16615,44.67
9911,US-2015-129007,9/13/2018,KD-16615,209.70
9912,US-2014-157231,4/5/2017,RP-19855,115.36
9913,CA-2015-132388,10/10/2018,KN-16390,362.14
9914,CA-2015-132388,10/10/2018,KN-16390,31.05
9915,CA-2017-160927,1/29/2020,TM-21010,12.96
9916,CA-2017-160927,1/29/2020,TM-21010,94.85
9917,CA-2017-160927,1/29/2020,TM-21010,13.48
9918,CA-2017-160927,1/29/2020,TM-21010,14.91
9919,CA-2015-105508,9/24/2018,JF-15190,39.98
9920,CA-2016-149272,3/15/2019,MY-18295,528.43
9921,CA-2016-149272,3/15/2019,MY-18295,22.39
9922,CA-2014-111360,11/24/2017,AT-10435,5.74
9923,US-2017-162124,5/6/2020,JF-15490,191.97
9924,CA-2015-159534,3/20/2018,DH-13075,49.85
9925,CA-2015-159534,3/20/2018,DH-13075,23.99
9926,CA-2015-159534,3/20/2018,DH-13075,1087.94
9927,CA-2015-159534,3/20/2018,DH-13075,199.98
9928,CA-2015-159534,3/20/2018,DH-13075,83.92
9929,CA-2016-129630,9/4/2019,IM-15055,24.27
9930,CA-2016-129630,9/4/2019,IM-15055,2799.96
9931,CA-2015-104948,11/13/2018,KH-16510,9.87
9932,CA-2015-104948,11/13/2018,KH-16510,683.33
9933,CA-2015-104948,11/13/2018,KH-16510,29.96
9934,CA-2014-166555,7/11/2017,JK-15205,164.85
9935,CA-2016-114405,4/7/2019,AS-10240,33.53
9936,CA-2016-114405,4/7/2019,AS-10240,36.74
9937,CA-2017-132955,6/24/2020,SC-20575,102.93
9938,CA-2016-164889,6/3/2019,CP-12340,71.09
9939,CA-2016-169824,12/12/2019,NS-18640,60.35
9940,CA-2016-169824,12/12/2019,NS-18640,35.52
9941,CA-2016-169824,12/12/2019,NS-18640,11.20
9943,CA-2014-143371,12/28/2017,MD-17350,998.82
9944,CA-2014-143371,12/28/2017,MD-17350,51.15
9945,CA-2015-145415,4/12/2018,RD-19660,40.74
9946,CA-2014-111157,3/2/2017,NH-18610,3.42
9947,CA-2014-111157,3/2/2017,NH-18610,151.20
9948,CA-2017-121559,6/1/2020,HW-14935,1925.88
9949,CA-2017-121559,6/1/2020,HW-14935,2405.20
9950,CA-2017-121559,6/1/2020,HW-14935,83.97
9951,CA-2017-121559,6/1/2020,HW-14935,39.89
9952,CA-2017-121559,6/1/2020,HW-14935,17.38
9953,CA-2015-141593,12/14/2018,DB-12970,55.26
9954,CA-2015-141593,12/14/2018,DB-12970,6.48
9955,CA-2015-141593,12/14/2018,DB-12970,34.25
9956,CA-2015-141593,12/14/2018,DB-12970,273.57
9957,US-2014-143287,11/11/2017,KN-16705,46.35
9958,US-2014-143287,11/11/2017,KN-16705,223.92
9959,US-2014-143287,11/11/2017,KN-16705,7.30
9962,CA-2015-168088,3/19/2018,CM-12655,65.58
9963,CA-2015-168088,3/19/2018,CM-12655,383.47
9964,CA-2015-143700,7/26/2018,AS-10240,10.37
9965,CA-2016-146374,12/5/2019,HE-14800,13.40
9966,CA-2016-146374,12/5/2019,HE-14800,4.98
9967,CA-2016-146374,12/5/2019,HE-14800,109.69
9971,CA-2015-103772,6/28/2018,MP-17470,119.56
9972,CA-2015-103772,6/28/2018,MP-17470,140.75
9973,CA-2016-130225,9/11/2019,RC-19960,99.57
9974,US-2016-103674,12/6/2019,AP-10720,271.96
9975,US-2016-103674,12/6/2019,AP-10720,18.69
9976,US-2016-103674,12/6/2019,AP-10720,13.36
9977,US-2016-103674,12/6/2019,AP-10720,249.58
9978,US-2016-103674,12/6/2019,AP-10720,13.86
9979,US-2016-103674,12/6/2019,AP-10720,13.38
9980,US-2016-103674,12/6/2019,AP-10720,437.47
9981,US-2015-151435,9/6/2018,SW-20455,85.98
9983,US-2016-157728,9/22/2019,RC-19960,35.56
9984,US-2016-157728,9/22/2019,RC-19960,97.98
9985,CA-2015-100251,5/17/2018,DV-13465,31.50
9986,CA-2015-100251,5/17/2018,DV-13465,55.60
9987,CA-2016-125794,9/29/2019,ML-17410,36.24
9990,CA-2014-110422,1/21/2017,TB-21400,25.25
9991,CA-2017-121258,2/26/2020,DB-13060,91.96
9992,CA-2017-121258,2/26/2020,DB-13060,258.58
9993,CA-2017-121258,2/26/2020,DB-13060,29.60
9994,CA-2017-119914,5/4/2020,CC-12220,243.16
